2528 4364
510 209 694 264 PRAEFATIO
1097 207 1145 260 XV

69 382 215 462 balbeque
230 382 326 444 iooato
342 402 399 445 nec
414 384 547 463 potuisse
562 384 659 446 inesse
676 384 705 443 in
722 382 783 443 ullo
799 380 901 443 codice
916 389 1042 454 vetusto,
1065 379 1144 440 aliud

68 486 159 564 igitur
180 503 300 546 carmen
324 485 416 548 luisse
438 487 466 547 id
491 486 571 565 quod
594 486 682 565 paulo
704 494 773 546 ante
788 491 940 564 repertum
957 501 1022 544 esse
1037 481 1067 542 in
1084 480 1142 542 Bo·

67 588 164 650 biensi
186 597 334 662 narratur,
357 597 454 650 tamen
471 589 502 650 in
518 589 597 649 hanc
613 606 732 667 quoque
748 586 907 647 editionem
922 584 1033 664 recepi,
1056 601 1142 663 prae·

67 691 169 752 sertim
192 690 397 769 comprimus
420 708 482 751 eam
506 690 626 752 Iahnius
649 689 834 752 recensuerit
855 707 890 749 ex
913 687 984 749 artis
1006 686 1141 747 lormula.

69 793 214 855 editiones
236 810 326 873 supra
348 793 468 872 scriptis
489 801 679 854 accesserunt
695 791 790 852 Bootii
806 788 1028 868 (Amstelodami
1047 789 1141 866 1868)

68 895 118 973 qui
140 904 221 956 recte
243 893 280 955 ab
303 895 477 974 antiquitate
500 895 681 976 poematium
703 892 895 966 abiudicavit,
919 901 949 952 et
970 889 1141 951 Raehrensii

66 996 168 1074 (lenae
192 999 284 1071 1873,
307 1006 387 1076 poet.
406 998 454 1059 lat.
470 998 541 1059 min.
557 997 581 1056 V
597 1017 625 1076 p.
643 998 695 1073 91)
719 996 769 1075 qui
792 1005 942 1074 tamquam
966 992 1002 1054 ab
1025 992 1141 1054 schola-

65 1099 140 1159 stico
163 1099 294 1160 inlumae
316 1099 498 1177 antiquitatis
520 1101 621 1160 fictum
644 1097 771 1159 reduxit.

150 1201 255 1262 dabam
279 1199 401 1263 bonnae
424 1219 525 1263 mense
547 1201 633 1262 lunio
657 1219 682 1260 a.
707 1201 799 1265 1886.

151 1504 249 1565 Norae
276 1505 413 1566 editionis
435 1523 522 1566 causa
544 1505 674 1565 codicem
700 1503 762 1564 Pa
784 1502 1029 1564 bibliothecarum
1053 1520 1140 1581 prae-

66 1607 151 1667 133113
167 1606 490 1686 Montepessulanarum
514 1607 585 1666 mihi
608 1606 767 1666 liberaliter
783 1604 1000 1667 commodatum
1016 1605 1080 1684 ipse
1095 1603 1139 1664 di-

65 1709 192 1786 ligenter
214 1709 337 1782 contuli,
360 1708 459 1787 itaque
481 1719 511 1768 et
533 1725 651 1769 errores
673 1708 824 1785 corrigere
845 1727 904 1768 non
923 1708 1020 1768 nullos
1036 1716 1065 1767 et
1080 1705 1139 1766 dis-

65 1810 246 1888 crepantiam
269 1811 433 1890 scripturae
456 1811 621 1890 pleniorem
637 1827 809 1890 proponere
825 1809 915 1870 licuit.
932 1809 1093 1869 subcinctus
1110 1816 1140 1867 ct

63 1916 222 1974 succinctus
244 1911 356 1973 alterna
379 1913 447 1973 talia
470 1930 609 1991 expressa
632 1931 697 1974 3333
720 1931 756 1973 ex
778 1910 805 1971 P
825 1911 909 1972 scito.

149 2015 180 2074 in
204 2014 305 2076 Persio
329 2014 356 2075 P
376 2025 405 2075 et
428 2040 449 2078 α
463 2015 507 2076 313
522 2015 640 2075 dillerre
656 2014 714 2075 dixi
730 2013 825 2075 musei
839 2012 925 2073 rhen.
940 2012 1004 2073 XLI
1019 2031 1048 2092 p.
1065 2017 1138 2087 454,

63 2128 96 2177 ut
118 2118 164 2177 1113
185 2120 321 2179 recensio
337 2119 526 2197 grammatica
541 2128 604 2178 arte
620 2118 789 2179 emendatas
808 2116 958 2196 tutelaque
978 2117 1138 2178 custoditas

61 2230 174 2281 saturas
193 2221 340 2294 exhibeat,
362 2222 435 2283 haec
449 2222 480 2282 in
498 2239 555 2301 qua
571 2220 672 2282 Sabini
689 2239 798 2280 nomen
815 2230 904 2299 atque
920 2219 1137 2280 emendationis

60 2323 202 2383 memoria
233 2323 376 2384 remansit
404 2325 435 2385 in
464 2322 638 2403 quibusdam
667 2323 792 2402 propius
821 2322 898 2383 absit
919 2339 934 2380 a
955 2340 1036 2382 vero.
1058 2321 1138 2381 velut

62 2424 245 2486 choliambos
267 2445 356 2486 nemo
380 2426 500 2505 negabit
521 2436 672 2505 praestare
690 2425 816 2485 reiectos
832 2424 862 2484 in
880 2442 947 2483 eum
963 2423 1060 2483 locum
1077 2441 1136 2500 quo

61 2526 118 2585 vita
140 2526 222 2587 Persi
246 2538 363 2587 narrata
386 2537 463 2600 3331,
476 2545 575 2606 quam
599 2527 781 2605 praepositos
803 2525 915 2604 primae
938 2535 1069 2596 saturae,
1091 2524 1137 2585 vel

62 2628 84 2685 V
103 2628 144 2690 84
176 2628 206 2688 in
230 2629 402 2689 definitione
425 2629 568 2690 libertatis
589 2629 674 2707 gnari
696 2628 781 2690 lacile
803 2628 978 2705 intellegent
997 2638 1031 2689 ut
1053 2627 1138 2689 1111311

61 2730 172 2792 3331133
194 2731 264 2792 13331
288 2750 374 2810 quarn
397 2742 431 2793 ot
455 2731 555 2794 coluit.
578 2733 608 2793 in
632 2732 695 2794 aliis
718 2732 844 2810 eligendi
867 2731 947 2811 optio
967 2740 1000 2791 ut
1015 2730 1135 2792 Iahnius

61 2850 150 2910 sopra
173 2833 291 2913 scripsit
313 2835 425 2896 incerta
448 2834 543 2909 datur,
566 2835 596 2895 in
620 2835 683 2895 aliis
706 2860 727 2897 α
750 2843 868 2915 praeter
889 2833 1018 2894 immane
1041 2833 1136 2912 scrip-

60 2943 144 2994 turae
167 2936 322 2998 cacoethes
344 2937 430 2998 etiam
448 2938 549 2998 lucosa
565 2955 599 2998 ac
615 2937 728 2998 fallacia
743 2936 862 2997 tradidit
878 2947 910 2996 ut
926 2934 1055 2996 ostendit
1070 2934 1134 2995 loh.

60 3036 166 3116 Bieger
196 3039 243 3119 (de
266 3039 359 3101 Persii
382 3041 483 3102 codice
506 3041 668 3101 Pithoeano
691 3039 821 3100 berolini
847 3037 950 3115 1890).
995 3037 1135 3116 quocirca

60 3157 128 3200 oum
152 3140 311 3201 editionem
333 3141 401 3202 libri
417 3142 453 3203 ad
469 3142 546 3204 banc
563 3161 643 3204 nunc
658 3143 753 3223 legem
769 3140 965 3212 formaverim,
988 3149 1021 3199 ut
1037 3138 1133 3216 quoad

59 3260 108 3302 res
129 3260 242 3303 summa
264 3252 417 3323 pateretur
438 3245 621 3325 grammatici
642 3245 748 3306 tutoris
763 3262 905 3322 sequerer
920 3241 1134 3312 auctoritatem,

60 3355 159 3423 potest
180 3355 213 3407 ut
234 3347 271 3407 de
293 3365 363 3407 vero
385 3347 492 3426 aliquid
515 3349 579 3428 ipsa
602 3348 666 3428 lege
688 3347 860 3425 derogatum
877 3344 913 3406 sit
929 3366 951 3406 α
966 3340 1132 3422 posthabito

60 3445 137 3505 ultra
161 3465 248 3525 quam
271 3449 340 3510 satis
356 3459 427 3510 erat.
451 3451 619 3530 exemplum
634 3452 672 3510 do
688 3447 872 3510 centurionis
888 3463 997 3506 nomen
1015 3445 1038 3503 V
1056 3446 1132 3508 190:

59 3547 173 3609 bonum
197 3550 374 3629 Pulfeaotes
396 3553 474 3631 quod
498 3572 535 3614 ex
557 3551 584 3612 P
604 3553 689 3624 edidi,
712 3551 764 3612 sed
787 3549 892 3611 melius
913 3549 1037 3609 tortasse
1054 3547 1133 3626 quod

60 3650 91 3710 in
110 3675 131 3713 α
146 3650 712 3732 331131133313331133333133133313
727 3652 815 3713 etiam
831 3670 846 3711 a
860 3650 978 3711 Graecis
993 3649 1132 3710 alienum.

145 3753 313 3815 iuvenalem
334 3764 470 3818 tenemus
486 3775 502 3817 a
518 3758 625 3818 Nicaeo
641 3755 830 3828 recensitum,
854 3753 939 3814 auius
954 3750 1132 3829 subscriptio

58 3856 157 3937 primo
180 3855 257 3917 libro
279 3858 450 3938 subsignata
472 3860 501 3920 in
525 3859 684 3939 archetypo
706 3858 738 3918 in
754 3856 881 3937 Pperiit
895 3874 954 3917 una
970 3873 1037 3914 curn
1054 3871 1135 3912 com·

59 3958 215 4023 mentnriis
235 3962 365 4041 antiquis
386 3962 504 4042 scriptis
526 3962 557 4024 in
574 3961 693 4023 exordio
708 3959 775 4022 libri
790 3959 922 4023 secundi.
938 3955 1134 4035 locupletissi-
