2528 4364
514 231 647 285 SATVRA
664 233 685 285 ll

60 402 132 482 qnid
156 401 235 463 iurat
256 404 323 477 boc,
345 404 463 484 templis
485 413 605 466 nostros
627 405 784 465 immittere
804 422 904 466 mores

60 496 91 548 et
114 486 193 548 bona
216 488 260 550 dis
282 508 318 550 ex
339 491 394 550 hac
415 490 555 551 scelerata
577 491 686 551 ducere
707 488 820 570 pulpa?

59 573 136 634 baec
158 573 213 634 sibi
237 586 378 654 corrupto
402 576 508 636 casiam
531 574 660 637 dissolvit
682 576 757 636 olivo

60 667 91 719 et
115 657 269 720 Calabrum
293 660 371 721 coxit
391 660 491 721 vitiato
513 661 627 722 murice
649 661 751 733 vellus,

59 744 135 804 haec
158 742 261 804 bacam
285 745 417 806 conchae
440 745 544 807 rasisse
568 754 597 806 et
619 747 764 824 stringere
786 763 875 806 venas

59 829 205 890 ferventis
226 848 338 891 massae
360 831 453 891 crudo
475 831 511 891 dc
532 831 654 910 pulvere
676 831 769 893 iussit.

59 922 167 992 peccat
188 923 219 975 et
240 915 321 986 baec,
345 924 456 994 peccat,
479 916 547 976 vitio
570 926 669 977 tamen
692 917 794 977 utitur.
839 926 869 975 at
889 932 941 974 vos

59 998 160 1073 dicite,
182 1000 349 1079 pontifices
372 1001 402 1061 in
426 1008 529 1062 sancto
553 1001 623 1080 quid
646 1002 716 1063 facit
738 997 865 1062 aurum?

59 1194 180 1253 minibus
195 1206 290 1256 natura
305 1197 417 1254 inditum
432 1207 459 1255 et
473 1199 676 1274 intelligentiam
694 1216 833 1270 summam,
856 1198 1013 1270 animosque
1027 1204 1137 1251 nostros

61 1281 175 1356 originis
198 1283 300 1340 divinae
321 1284 489 1340 immemores
510 1285 596 1342 iactos
626 1296 652 1344 et
675 1303 750 1342 more
771 1284 905 1358 pecudum
926 1283 1038 1339 humum
1059 1298 1137 1356 spec-

59 1375 162 1424 tantes.
190 1377 223 1424 ut
243 1368 375 1424 Salustius
403 1370 439 1424 ait
469 1368 542 1444 [Cot.
569 1369 595 1444 t]
610 1360 704 1444 '‘quae
725 1378 820 1426 natura
841 1385 928 1442 prona
950 1376 1031 1441 atque
1052 1367 1139 1422 ventri

60 1451 232 1509 oboedientia
254 1440 349 1509 fiuxit'.
452 1456 489 1512 62
514 1455 578 1528 quid
605 1457 733 1530 prodest,
756 1464 788 1511 ut
810 1455 949 1511 credamus
973 1454 1037 1509 deos
1059 1453 1138 1527 cupi-

60 1537 145 1594 ditate
166 1537 253 1612 aliqua
281 1538 322 1595 vel
351 1538 495 1595 ambitione
525 1541 596 1596 sicut
624 1541 744 1597 homines
774 1536 868 1612 ungit
903 1547 933 1595 ut
962 1555 993 1594 ex
1020 1537 1137 1593 humano

60 1638 179 1698 corpore
208 1624 348 1680 credamus
379 1623 442 1679 deos
470 1624 575 1680 luxuria
603 1625 644 1681 vel
672 1641 770 1699 pompa
798 1632 845 1680 aut
872 1621 1061 1678 ambitionibus
1090 1622 1139 1678 de-

59 1706 156 1764 lectari
189 1709 339 1765 carnalibus
369 1718 396 1765 et
426 1707 579 1765 felicitatem
612 1711 724 1766 deorum
756 1710 782 1764 in
815 1724 881 1764 auro
912 1708 1025 1782 positam
1058 1704 1139 1763 esse?

152 1794 190 1851 63
215 1795 299 1869 pulpa
315 1803 355 1850 est
371 1811 433 1850 caro
448 1795 506 1851 sine
520 1795 693 1869 pinguedine,
717 1795 785 1851 dicta
801 1793 874 1867 quod
889 1791 1010 1867 palpitet.
1074 1792 1141 1848 haec

62 1877 155 1935 eadem
184 1879 266 1954 pulpa
292 1880 320 1935 id
349 1888 391 1936 est
420 1879 472 1936 boc
501 1897 600 1954 corpus
628 1889 752 1937 nostrum
775 1878 893 1935 omnium
914 1876 1040 1933 vitiorum
1062 1892 1141 1932 causa

63 1972 115 2020 est.
139 1964 215 2037 quod
236 1965 380 2022 detractive
402 1964 561 2022 sceleratum
583 1964 732 2041 appellavit.
864 1966 903 2021 64
927 1962 1038 2034 casiam,
1061 1978 1141 2035 quam

62 2047 93 2102 in
114 2055 185 2104 terra
208 2049 305 2106 orienti
326 2051 447 2124 proxima
474 2051 595 2108 homines
627 2061 684 2107 tcto
713 2068 828 2126 corpore
857 2057 1001 2118 contecto,
1031 2047 1143 2121 paulum

68 2131 154 2191 oculis
175 2133 275 2191 relictis
296 2135 402 2191 intectis
428 2136 460 2192 ad
482 2136 567 2192 visum
585 2145 697 2211 propter
718 2135 915 2193 multitudinem
930 2134 1016 2189 avium
1032 2132 1144 2189 infesta-

64 2235 128 2274 rum
151 2236 220 2292 qnae
243 2229 308 2276 sunt
329 2221 548 2294 vespertilionum
570 2223 685 2294 similes,
715 2240 746 2279 er
767 2220 869 2277 lacibus
892 2218 1023 2293 colligunt
1050 2219 1145 2274 colan-

65 2311 107 2360 tes
136 2320 264 2377 aquarum
294 2305 462 2379 superficiem
484 2307 511 2361 in
533 2307 589 2362 limi
610 2308 730 2364 modum.
763 2306 829 2362 haec
863 2305 931 2361 casia
963 2303 1034 2359 olivo
1063 2304 1145 2359 mista

66 2397 239 2462 unguentum
260 2389 331 2446 iacit.
419 2392 489 2449 casia
511 2391 592 2448 herba
614 2393 655 2449 vel
680 2392 809 2466 pigmenti
838 2407 941 2463 genus,
972 2406 1025 2461 quo
1055 2388 1145 2443 oleum

66 2473 180 2530 meliore
202 2476 286 2532 odore
308 2474 434 2532 inlicitur.
521 2486 553 2533 ut
568 2477 646 2549 Verg.
670 2476 707 2550 [9.
731 2478 759 2548 2,
782 2474 854 2547 466]
874 2464 939 2529 ‘nec
961 2472 1030 2528 casia
1050 2471 1145 2544 liquidi

67 2560 252 2634 corrumpitur
274 2578 340 2617 usus
363 2548 452 2617 olivi'.
561 2565 600 2619 65
625 2561 738 2634 Apulam
765 2560 854 2615 lanam
882 2556 1023 2630 conchylio
1050 2555 1143 2612 inficit.

67 2643 130 2700 ideo
145 2644 172 2700 in
188 2645 295 2719 Apulia,
318 2647 391 2719 quod
413 2644 450 2701 ibi
473 2662 536 2702 oves
552 2646 695 2720 plurimum
712 2652 869 2700 nascuntur.
956 2640 1042 2698 vellus
1055 2650 1145 2698 autem

67 2729 105 2786 ob
127 2728 179 2785 hoc
201 2730 317 2802 dictum,
349 2731 422 2804 quod
451 2731 537 2804 primo
567 2731 643 2786 lanae
672 2730 851 2799 vellerentur,
878 2744 933 2784 non
955 2727 1145 2784 tonderentur.

156 2817 194 2874 66
218 2816 313 2872 radere
334 2817 490 2889 margaritas
513 2817 545 2873 de
568 2815 677 2873 conchis
705 2815 822 2871 marinis.
867 2814 981 2871 uniones
1004 2813 1074 2869 enim
1096 2830 1144 2868 na·

68 2909 183 2956 scantur
205 2901 232 2956 in
255 2901 374 2974 conchis,
396 2919 446 2975 pro
470 2901 567 2976 quibus
590 2901 668 2958 bacas
690 2901 789 2976 posuit,
811 2910 843 2956 nt
857 2900 982 2955 lloratius
1006 2896 1097 2972 [epod.
1115 2901 1144 2970 8,

71 2982 121 3059 13]
142 2974 226 3058 ‘quae
247 2985 454 3043 rotundioribus
477 2997 573 3044 onusta
595 2974 694 3044 bacis³.
793 2989 831 3044 67
856 2985 924 3041 bena
946 2985 1059 3041 crudum
1080 2983 1146 3059 pul-

67 3086 157 3126 verem
169 3070 241 3143 dicit,
257 3072 319 3145 quia
335 3073 463 3146 coquitur
476 3082 507 3129 ut
522 3073 659 3129 metallum
673 3072 729 3143 fiat,
746 3080 773 3128 et
782 3070 851 3128 bene
863 3070 1005 3142 stringere,
1022 3070 1084 3142 quia
1095 3084 1145 3123 cc-

71 3156 180 3228 quendo
202 3157 332 3230 redigitur
354 3157 381 3212 in
404 3174 526 3213 massam.
629 3160 667 3216 68
691 3158 756 3213 baec
777 3156 898 3213 iaciendo
924 3154 1075 3226 integritate
1097 3167 1146 3207 sua

66 3256 159 3297 mores
188 3240 296 3298 humani
324 3241 457 3299 vacillant.
488 3245 514 3297 in
540 3260 594 3317 quc
618 3252 705 3299 tamen
730 3241 837 3297 crimine
862 3255 1006 3314 possumus
1028 3236 1147 3292 homini-

67 3323 120 3380 bus
142 3325 282 3399 ignoscere
305 3327 342 3384 eis
365 3328 410 3402 qui
433 3328 657 3402 concupiscentiis
680 3336 804 3385 utuntur.
911 3321 1030 3396 quamvis
1052 3330 1146 3395 peccat

69 3425 235 3484 supervacua
263 3413 441 3486 reperiendo,
477 3412 557 3470 babet
586 3423 674 3470 tamen
702 3412 818 3487 aliquem
847 3425 924 3465 usum
952 3408 1141 3480 appetitorum.

158 3497 196 3554 69
220 3496 267 3553 diis
290 3506 344 3554 tam
365 3507 430 3554 suut
452 3515 518 3572 opes
534 3514 715 3572 supervacuae
730 3512 810 3570 quam
826 3492 922 3549 Veneri
935 3509 1052 3566 puppae,
1077 3510 1145 3567 quas

67 3579 185 3654 virgines
206 3579 341 3639 nubentes
363 3584 474 3639 donant.
518 3583 643 3640 solebant
664 3583 733 3639 enim
755 3580 870 3654 virgines
892 3585 1035 3651 antequam
1057 3579 1147 3636 nube-

66 3673 130 3723 rent
157 3669 287 3740 quaedam
317 3669 475 3742 virgiuitatis
504 3685 568 3724 suae
598 3668 668 3723 dona
697 3666 791 3722 Veneri
821 3680 988 3720 consecrare.
1038 3665 1090 3720 hoc
1120 3670 1147 3720 et

155 3855 294 3922 62bos3
363 3859 396 3910 63
414 3873 446 3908 ex
465 3863 558 3908 orn.ct
628 3859 660 3909 65
678 3855 710 3907 Et
728 3855 761 3906 P:
780 3852 890 3904 Haecot
971 3857 1003 3908 66
1021 3854 1151 3906 uacamP

155 3925 187 3977 67
206 3925 299 3976 missae
318 3933 343 3976 α
412 3928 445 3979 68
463 3923 637 3977 Peccsethaec
656 3931 679 3975 α
759 3924 791 3974 69
809 3921 836 3974 in
854 3922 951 3973 sanctis
970 3922 1146 3988 Lampridius

65 3994 125 4043 utta
142 3993 222 4045 Alac.
239 3992 333 4044 Seueri
349 3993 384 4046 44
