2528 4364
96 153 116 212 8
577 149 681 203 PERSll

138 326 204 406 quis
225 324 327 406 populi
349 341 447 385 sermo
469 321 536 386 cst?
558 324 625 403 quis
646 323 725 385 enim
748 323 806 385 nisi
828 323 957 384 carmina
978 322 1062 384 molli

94 430 177 473 nnnc
198 411 317 472 demum
339 427 463 470 numero
486 409 587 482 llnere,
610 417 643 470 ut
664 409 802 489 perleve
823 426 941 470 severos

94 496 226 558 effundat
248 496 385 556 iunctura
406 492 543 572 ungues?
559 492 631 555 ‘scit
652 496 774 555 tendere
795 513 912 555 versum

95 601 157 643 non
181 600 267 643 secus
288 599 323 641 ac
344 580 369 640 si
391 579 478 640 oculo
499 580 649 640 rubricam
670 579 784 657 derigat
805 598 876 640 uno.

92 667 154 727 sive
176 685 251 747 opus
272 667 302 726 in
326 682 433 740 mores,
455 665 486 725 in
510 665 621 738 luxum,
643 665 674 724 in
697 664 819 744 prandia
841 682 946 745 regum

93 751 201 827 dicere,
224 769 273 813 res
294 752 421 829 grandes
440 758 543 811 nostro
565 750 615 810 dat
635 749 717 811 Musa
738 744 863 829 poetae?

92 855 162 898 ecce
185 838 272 899 modo
294 837 401 897 heroas
422 852 527 897 sensus
548 836 664 895 adferre
685 834 817 896 videmus

94 922 200 1002 nugari
221 922 324 984 solitos
345 938 461 999 graece,
485 938 540 981 neo
562 938 676 1001 ponere
698 921 798 981 lucum

91 1008 219 1069 artifices
241 1026 297 1068 nec
318 1024 371 1068 rus
392 1013 523 1066 saturum
546 1005 674 1078 laudare,
696 1004 748 1066 ubi
770 1004 875 1066 corbes

92 1102 122 1153 et
144 1093 229 1154 focus
250 1101 280 1153 et
303 1091 386 1171 porci
409 1099 437 1151 et
460 1090 575 1152 fumosa
596 1091 697 1151 Palilia
719 1091 815 1166 laeno,

91 1177 171 1238 unde
193 1178 303 1238 Remus
325 1177 468 1253 sulcoque
491 1185 591 1237 terens
613 1174 750 1248 dentalia,
773 1175 886 1249 Quinti,

92 1280 159 1324 cnm
181 1262 294 1342 trepida
317 1271 385 1322 ante
408 1261 497 1322 boves
518 1260 690 1322 dictatorem
712 1259 808 1321 induit
829 1278 905 1321 uxor

91 1486 152 1526 cum
179 1468 271 1534 vultu,
303 1467 377 1542 qnod
407 1465 518 1523 facimus
547 1484 607 1524 cum
636 1467 702 1524 alios
725 1467 883 1524 deridemus.
928 1465 990 1522 inde
1022 1464 1178 1523 sanniones

92 1554 156 1610 dicti
177 1554 224 1628 qni
246 1571 302 1610 non
323 1561 426 1609 rectum
448 1552 551 1609 vultum
573 1553 697 1610 habeant.
799 1555 838 1612 65
862 1568 967 1624 ungnes
989 1557 1109 1606 tractum
1137 1561 1180 1608 est

90 1656 105 1696 a
126 1639 315 1706 marmorariis,
338 1638 384 1713 qui
405 1639 533 1713 quotiens
555 1639 650 1696 volunt
672 1638 740 1694 bene
762 1646 913 1712 coaptatam
927 1637 1081 1693 iuncturam
1096 1653 1178 1692 mar·

90 1725 173 1781 moris
194 1724 358 1800 approbare,
386 1741 476 1798 ungue
504 1725 688 1798 experiuntur.
798 1726 836 1782 66
859 1721 992 1779 rubricam
1014 1727 1139 1777 tractum
1163 1738 1179 1777 a

89 1808 180 1874 labris,
205 1811 250 1885 qui
272 1809 399 1886 quotiens
420 1808 516 1865 volunt
536 1809 722 1866 rectitudinem
745 1809 831 1866 lineae
847 1806 1033 1882 comprobare,
1057 1808 1177 1864 retortis

89 1895 118 1951 in
139 1913 220 1953 unam
241 1904 345 1970 partem
367 1892 499 1950 ambobus
521 1892 606 1949 oculis
627 1894 723 1950 lineam
745 1894 842 1951 iactam
864 1893 1026 1967 inspiciunt,
1057 1889 1094 1946 ob
1119 1891 1178 1949 hoo

89 1980 200 2045 sedicet,
223 1996 258 2036 ne
279 1996 328 2052 per
350 1978 493 2034 oculorum
515 1978 672 2035 divisionem
693 1979 782 2037 iudicii
803 1979 900 2035 veritas
922 1976 1120 2034 contundatur.

91 2066 129 2122 67
153 2064 180 2119 in
203 2081 308 2128 mores,
338 2080 399 2119 nam
428 2063 580 2120 comoediae
608 2081 697 2120 mores
718 2063 857 2122 hominnm
879 2064 1033 2138 exprimunt
1054 2077 1176 2120 conver-

90 2150 287 2222 sationemque.
330 2148 357 2202 iu
379 2146 481 2213 luxum,
504 2147 531 2204 id
554 2157 595 2205 est
616 2149 722 2205 satiram
745 2167 814 2226 quae
834 2149 1011 2206 invectionem
1027 2147 1176 2205 hominum

89 2235 219 2291 continet.
262 2234 290 2289 in
312 2233 422 2307 prandia
444 2250 554 2307 regum,
577 2234 603 2290 id
625 2243 667 2290 est
688 2236 837 2311 tragoedias
858 2252 927 2308 quae
949 2248 1078 2290 cenarum
1101 2231 1176 2290 laci-

89 2336 251 2377 norosarum
273 2319 414 2376 continent
436 2319 651 2393 descriptionem,
675 2319 746 2378 sicut
766 2321 904 2394 Thyestes.
1015 2319 1053 2375 72
1078 2318 1176 2376 Palilia

89 2405 153 2462 dicit
178 2405 247 2463 diem
275 2421 380 2462 sacmm
407 2404 435 2460 in
463 2405 594 2462 honorem
617 2404 686 2461 Palis
714 2407 779 2464 deae
807 2404 966 2479 pastoriciae
988 2404 1176 2476 cognomina-

88 2500 155 2558 tum,
180 2508 234 2566 quo
257 2491 299 2549 die
321 2489 415 2565 positis
437 2490 465 2547 in
486 2490 548 2547 loco
572 2491 713 2564 manipulis
734 2491 804 2548 lacni
818 2490 961 2547 ludibundi
976 2488 1070 2545 rustici
1086 2489 1175 2548 salic-

90 2574 169 2641 bant,
202 2580 249 2650 qni
277 2577 382 2651 expiare
411 2593 439 2633 se
460 2576 513 2633 hoc
535 2576 664 2634 sacrificio
694 2575 853 2634 credebant:
883 2576 943 2631 ideo
967 2574 1072 2631 inmosa
1095 2576 1175 2634 dixit

173 2660 259 2717 aliter.
282 2662 304 2717 si
318 2661 408 2717 Palilia
423 2661 496 2726 dicit,
520 2662 589 2719 diem
604 2662 668 2718 dicit
681 2679 785 2719 sacrum
801 2662 829 2718 in
851 2661 982 2718 honorem
1005 2660 1075 2725 lliae,
1100 2679 1176 2736 qnae

88 2746 194 2820 peperit
207 2745 319 2801 Remum
340 2754 368 2802 et
381 2746 533 2810 Romulum,
557 2763 673 2820 quornm
688 2748 852 2803 mentionem
867 2745 1056 2802 sacrificiorum
1073 2745 1174 2806 Cicero

87 2829 115 2885 in
144 2830 296 2904 Philippicis
325 2827 393 2904 [14‚
422 2830 470 2905 14]
498 2840 699 2887 commemorat.
755 2830 845 2888 Palilia
873 2848 942 2905 quae
970 2847 1043 2887 nunc
1071 2831 1174 2892 Parilia

88 2917 195 2972 mutatis
218 2915 313 2971 litteris
336 2915 454 2971 dicimus.
499 2915 540 2972 vel
563 2917 635 2989 quod
662 2915 718 2972 dies
740 2934 795 2991 qno
818 2917 925 2973 condita
954 2926 994 2973 est
1015 2916 1100 2971 Roma
1123 2935 1175 2976 ac·

88 3001 175 3057 censis
203 2999 359 3075 manipulis,
390 3017 502 3057 accenso
533 2999 611 3056 laeno
641 3000 755 3057 colatur.
806 3012 851 3059 aut
877 3001 967 3058 Palilia
996 3001 1051 3057 dies
1079 2999 1175 3062 festus

89 3086 158 3142 Palis
181 3087 245 3143 deae
267 3102 394 3158 agrorum
423 3103 471 3142 seu
499 3096 639 3160 pastorum
667 3085 773 3143 habitus
795 3104 809 3143 a
831 3087 977 3144 veteribus.
1023 3086 1106 3142 Varro
1130 3091 1175 3148 sic

88 3172 138 3228 ait:
160 3160 265 3229 ‘Palilia
286 3181 340 3228 tam
361 3171 464 3245 privata
486 3188 566 3245 qnam
586 3171 694 3244 publica
715 3182 789 3238 sunt,
813 3182 840 3229 et
862 3182 903 3229 est
927 3188 1012 3245 genus
1027 3171 1174 3233 hilaritatis

89 3266 116 3313 ct
144 3256 219 3314 lusus
248 3257 319 3332 apud
347 3258 479 3321 rusticos,
513 3265 545 3313 nt
574 3257 708 3329 congestis
741 3275 800 3314 cum
833 3256 911 3315 faeno
941 3256 1045 3332 stipulis
1074 3255 1172 3331 ignem

87 3358 213 3415 magnum
235 3341 401 3405 transiliant,
432 3341 504 3416 qnod
534 3341 588 3397 Pali
616 3341 718 3399 faciunt
739 3359 796 3398 eam
818 3360 848 3399 se
870 3343 975 3416 expiare
997 3333 1170 3403 credentes'.

175 3430 214 3485 74
238 3427 362 3494 Quintius
384 3427 555 3484 Cincinnatus
577 3444 638 3484 cum
667 3445 745 3484 snum
774 3445 868 3502 agrum
896 3437 983 3484 araret
1005 3436 1032 3484 et
1053 3441 1170 3498 sereret,

88 3510 220 3567 dictatura
242 3513 266 3567 ei
287 3529 301 3569 a
323 3512 427 3587 populo
442 3513 561 3568 llomano
585 3512 671 3569 delata
693 3521 744 3569 est.
781 3514 826 3588 qni
842 3523 936 3570 eontra
951 3513 1083 3570 Samnites
1098 3531 1170 3587 pro·

88 3593 178 3653 lectus
201 3598 287 3653 victor
308 3598 403 3654 extitit.
448 3598 496 3672 qni
516 3615 531 3654 a
552 3599 666 3655 serendo
689 3598 843 3655 nominatus
865 3610 908 3655 est
930 3599 1070 3655 Serranus.
1133 3604 1170 3677 {53¹

174 3779 206 3830 69
224 3777 353 3843 heroosg
439 3780 559 3833 docemus
582 3781 606 3830 Ρ
630 3779 672 3832 uel
696 3779 814 3832 uidemus
835 3797 854 3847 p
944 3783 976 3834 73
1002 3779 1127 3833 dentialia
1146 3786 1173 3836 P

87 3842 238 3966 diecntffllraraffir
255 3930 273 3980 p
298 3850 331 3900 tt
349 3847 411 3900 Cum
429 3850 461 3900 P:
480 3848 562 3909 Quem
581 3856 630 3914 ap
701 3848 853 3901 dictatorcm
872 3856 896 3900 α
914 3853 941 3900 et
959 3853 992 3900 ut
1008 3848 1120 3900 uidetur
1132 3853 1167 3904 P:
