2528 4364
118 201 157 260 76
568 203 742 256 lVVENhLlS

118 375 261 436 clamatur
280 368 376 436 ‘nullo
399 375 491 455 gemit
513 375 560 436 hic
582 374 704 437 tibicina
727 377 847 437 coruu'.

117 460 184 521 talia
208 470 321 521 secreta
344 461 503 522 coluerunt
525 461 607 538 orgia
630 463 717 535 taeda

119 545 291 624 Cecropiam
314 546 391 607 soliti
413 546 523 624 Baptae
543 545 652 606 lassare
676 546 811 626 Cotyton.

119 629 168 691 ille
192 632 384 709 supercilium
406 630 522 691 madida
545 631 668 709 fuligine
691 632 818 692 tinctum

119 714 238 792 obliqua
261 716 398 794 producit
420 734 476 776 acu
498 715 654 794 pingitque
680 717 835 777 trementis

118 801 255 861 attollens
278 801 396 876 oculos;
419 801 512 860 vitreo
534 801 609 860 bibit
630 801 679 860 ille
701 802 806 880 priapo

118 885 335 964 reticulumque
358 886 450 946 comis
472 894 606 945 auratum
629 885 799 964 ingentibus
822 884 925 965 implet

118 970 252 1031 caerulea
276 970 398 1032 indutus
419 970 563 1031 scutulata
585 979 636 1030 aut
658 970 776 1047 galbina
799 989 864 1032 rasa

119 1064 148 1115 et
170 1073 225 1135 per
247 1056 395 1115 lunonem
417 1055 530 1115 domini
552 1055 668 1117 iurante
692 1057 842 1131 ministro;

118 1138 167 1200 ille
189 1149 272 1200 tanet
294 1140 457 1219 speculum,
480 1140 588 1219 pathici
610 1149 760 1218 gestamen
784 1140 922 1213 Othonis,

120 1225 234 1285 Actoris
257 1225 391 1285 Aurunci
414 1225 551 1303 spolium,
575 1244 634 1303 quo
657 1245 689 1287 se
711 1226 760 1286 ille
782 1225 897 1286 videbat
1152 1236 1196 1288 100

120 1318 264 1370 armatum
288 1329 357 1370 cum
378 1310 436 1370 iam
459 1310 522 1370 tolli
545 1311 647 1371 vexilla
671 1311 787 1372 iuberet
809 1345 850 1355 —

119 1412 167 1455 res
188 1395 379 1456 memoranda
403 1395 486 1457 novis
507 1395 664 1460 annalibus
686 1405 775 1474 atque
797 1396 911 1456 recenti

120 1480 251 1551 historia,
274 1480 429 1559 speculum
451 1480 542 1540 civilis
564 1481 679 1542 sarcina
702 1480 781 1542 belli.

121 1564 261 1625 nimirum
284 1565 390 1626 summi
413 1566 496 1626 ducis
519 1574 563 1626 est
585 1566 721 1627 occidere
744 1564 866 1626 Galbam

120 1658 150 1710 et
172 1668 276 1710 curare
299 1660 407 1723 cutem,
430 1650 537 1712 summi
559 1651 725 1712 constantia
748 1650 818 1712 civis
1150 1659 1195 1710 tot

121 1735 270 1796 Bedriacis
292 1736 404 1815 campis
427 1735 554 1815 spolium
578 1737 726 1797 adfectare
749 1735 841 1795 Palati

206 1910 245 1966 92
270 1909 366 1982 Baptae
389 1909 482 1965 titulus
497 1907 567 1972 libri,
591 1925 645 1981 quo
661 1907 786 1981 impudici
802 1907 991 1965 describuntur
1005 1905 1038 1962 ab
1052 1905 1194 1980 Eupolide,

119 1992 167 2065 qui
188 1993 290 2049 inducit
312 1993 383 2049 viros
406 1994 438 2049 ad
459 1993 632 2050 imitationem
653 1993 810 2050 feminarum
841 1992 978 2050 saltantes.
1099 1992 1196 2066 baptae

121 2084 210 2133 autem
233 2076 338 2134 molles.
362 2095 416 2152 quo
440 2078 518 2135 titulo
540 2079 651 2153 Eupolis
674 2078 838 2135 comoediam
860 2078 975 2153 scripsit,
1000 2077 1035 2134 ob
1058 2094 1137 2152 quam
1160 2077 1194 2135 ab

121 2160 264 2226 Alcibiade,
288 2163 755 2238 quampraecipueperstrinxerat,
778 2171 890 2221 necatus
913 2172 964 2220 est.
1066 2163 1195 2237 Cotyton.

121 2247 152 2301 ad
176 2247 325 2322 exemplum
348 2249 435 2322 Cotyti
458 2250 584 2305 dicuntur
605 2249 686 2305 lsiaca
708 2265 782 2305 sacra
805 2248 944 2306 celebrari.
1039 2250 1077 2306 95
1101 2249 1129 2304 in
1151 2249 1194 2304 vi-

121 2338 208 2388 treum
229 2351 336 2407 penem.
359 2351 428 2408 quos
450 2334 587 2409 appellant
609 2333 778 2407 drillopotas.
908 2337 945 2391 97
969 2332 1053 2408 polita
1076 2334 1195 2390 tenuiter

120 2433 188 2473 rasa.
313 2422 351 2478 98
375 2420 419 2485 ita,
443 2420 540 2494 inquit,
563 2418 634 2475 servi
655 2419 754 2485 iurant,
778 2421 914 2493 quomodo
937 2417 1061 2476 solebant
1083 2419 1195 2476 ancillae

120 2503 248 2559 matronis
271 2503 410 2561 adulantes
430 2494 493 2577 ‘per
515 2506 645 2562 lunonem
669 2514 740 2562 tuam
750 2500 767 2562 '.
863 2507 901 2563 99
926 2505 1015 2562 occiso
1038 2503 1119 2560 Galba
1141 2504 1195 2560 im-

122 2597 245 2661 peratore
268 2589 338 2645 Otho
361 2589 457 2648 invasit
478 2590 633 2664 imperium,
663 2592 708 2664 qni
739 2599 791 2647 tam
818 2589 967 2663 probrosae
989 2606 1069 2646 curae
1090 2588 1117 2644 in
1139 2606 1195 2662 po-

120 2671 206 2728 lienda
229 2674 315 2731 lorma
336 2674 403 2740 luit,
427 2684 459 2733 ut
480 2675 605 2732 humecto
629 2691 697 2749 pane
718 2675 812 2731 taciem
833 2674 923 2731 liniret
944 2675 977 2731 ad
998 2674 1195 2731 sollicitandum

121 2756 274 2814 candorem.
303 2760 432 2817 utebatur
459 2770 488 2818 et
515 2760 636 2835 speculo.
659 2762 732 2816 hunc
759 2759 995 2834 imcomparabilis
1025 2759 1093 2816 vitae
1121 2758 1194 2815 bello

121 2839 188 2896 civili
210 2841 331 2900 Vitellius
352 2845 416 2901 vicit
435 2846 509 2919 apud
531 2844 685 2902 bebriacum
713 2861 846 2919 campum.
875 2845 973 2901 horum
1000 2845 1102 2902 bellum
1124 2844 1195 2901 scri-

120 2926 175 3000 psit
197 2927 345 2995 Cornelins,
369 2930 475 3005 scripsit
496 2939 524 2988 et
544 2929 688 3005 Pompeius
710 2929 819 2993 Planta,
851 2929 897 3004 qui
919 2930 955 2986 ait
977 2930 1132 2986 bebriacum
1156 2931 1195 2986 vi·

122 3028 182 3068 cum
205 3029 263 3069 esse
286 3031 302 3070 a
325 3014 455 3072 Cremona
476 3017 600 3073 vicesimo
623 3014 721 3089 lapide.
847 3018 905 3072 100
929 3015 955 3071 in
979 3017 1058 3072 domo
1081 3013 1194 3071 Neronis

120 3098 268 3156 invenerat.
366 3100 463 3158 adlusit
486 3103 518 3158 de
541 3100 648 3175 Virgilio
671 3097 750 3174 [Aeo.
778 3101 824 3162 12,
849 3099 912 3172 94].
1018 3102 1075 3158 103
1099 3099 1194 3167 ironia,

121 3185 230 3258 quando
252 3201 343 3241 secum
366 3186 506 3260 speculum
527 3193 657 3260 portaret.
747 3186 805 3244 106
829 3185 971 3242 Bebriacus
993 3203 1102 3260 campus
1124 3185 1196 3241 inter

122 3267 261 3326 Hostiliam
284 3280 311 3328 et
334 3271 500 3336 Cremonam,
525 3271 570 3328 ubi
592 3270 721 3345 pugnavit
742 3271 812 3328 Otho
836 3286 896 3327 cum
919 3273 1036 3328 exercitu
1054 3269 1194 3327 Vitelhano

123 3362 149 3410 et
170 3355 256 3412 victus
279 3373 308 3412 se
330 3356 418 3431 ipsum
440 3356 578 3429 iugulavit.
666 3356 755 3414 occiso
777 3354 823 3412 illo
847 3357 976 3431 principe,
1000 3373 1032 3413 ex
1054 3371 1109 3430 quo
1125 3356 1195 3411 Nero

123 3452 269 3511 oppressus
291 3451 342 3507 est,
364 3459 420 3499 non
435 3443 521 3499 multo
543 3451 606 3516 post
621 3442 692 3498 Otho
708 3441 875 3499 effeminatus
891 3442 1032 3516 occupavit
1046 3441 1195 3515 imperium,

123 3536 203 3594 quem
225 3525 313 3598 palato
334 3527 459 3584 infamior
481 3527 587 3584 occidit.

209 3687 242 3737 92
261 3687 392 3755 Ceropiam
410 3691 434 3742 Ρ
507 3689 613 3758 Cotytto
632 3690 714 3756 uolgo
732 3689 778 3752 (cs.
796 3706 862 3742 mur.
880 3692 956 3742 rhen.
974 3690 1008 3741 43
1021 3705 1050 3756 p.
1067 3689 1127 3754 295)

124 3754 155 3806 93
175 3752 284 3805 tinctum
299 3757 330 3806 tn
349 3757 434 3810 litura
451 3758 535 3809 multo
548 3760 710 3824 spatiosiora
723 3760 746 3809 P
760 3763 856 3812 tactum
874 3765 905 3810 w
975 3761 1010 3811 94
1028 3760 1166 3809 trementes
1175 3773 1195 3822 p

208 3823 240 3873 et
259 3823 359 3875 scutula
379 3830 424 3877 aut
441 3828 584 3893 Pacem>
654 3826 763 3894 galbana
780 3844 799 3893 p
883 3827 931 3879 106
948 3823 1079 3878 Bebriacis
1097 3825 1195 3892 campis

122 3889 146 3940 P
160 3887 277 3941 Bebriaci
296 3905 387 3959 campo
403 3897 560 3959 procreet
577 3894 643 3948 Bed-
723 3896 833 3962 spolium
851 3896 881 3945 tn
900 3894 983 3944 litera
1002 3898 1087 3945 totum
1099 3895 1135 3945 P.
1154 3907 1197 3944 so·

122 3957 186 4009 lium
200 3959 393 4010 Hermardeuau
411 3965 456 4012 oui
472 3960 551 4023 fauet
570 3962 736 4016 Claudianus
753 3966 783 4015 in
799 3963 963 4029 Eutropium
981 3962 1011 4013 ll
1025 3962 1076 4014 tat
