2528 4364
517 213 650 266 SATVRA
667 215 697 266 lll
1105 213 1145 271 29

68 390 103 450 in
126 386 274 466 locuplete
296 405 378 466 penu
399 387 528 448 defensis
549 386 712 467 pinguibus
733 387 859 462 Vmbris,

70 483 103 537 et
122 473 210 553 piper
233 482 262 532 et
282 491 403 552 pernae,
426 472 515 534 Marsi
536 481 730 534 monumenta
752 472 878 547 clientis,
1119 485 1148 535 ιι

70 576 238 637 maenaque
261 559 341 637 quod
363 558 458 638 prima
480 557 613 618 nondum
637 558 777 619 defecerit
800 577 878 620 orca.

114 644 165 704 hic
186 643 291 722 aliquis
313 643 350 703 de
372 651 461 722 gente
482 643 598 704 hircosa
621 644 830 705 centurionum

72 729 169 790 dicat:
190 721 294 807 “quod
318 729 412 807 sapio,
433 728 502 790 satis
524 738 570 789 est
590 729 671 790 mihi.
708 748 770 790 non
794 748 849 809 ego
872 747 944 791 curo

71 833 139 876 esse
163 813 241 893 quod
264 814 409 875 Arcesilas
431 815 661 893 aerumnosique
684 813 810 877 Solones

72 899 192 978 obstipo
215 899 309 978 capite
333 906 362 960 et
383 899 508 978 figentes
530 899 643 960 lumine
665 907 783 973 terram,

72 1002 228 1046 murmura
251 1003 318 1044 cum
341 1003 442 1044 secum
465 991 495 1045 et
516 984 632 1046 rabiosa
654 985 770 1045 silentia
792 985 903 1047 rodunt

72 1080 163 1149 atque
185 1078 361 1148 exporrecto
383 1071 567 1131 trutinantur
588 1068 678 1131 verba
700 1069 816 1145 labello,

75 1154 191 1233 aegroti
212 1154 319 1216 ueteris
339 1154 516 1217 meditantes
537 1156 662 1229 somnia,
687 1156 767 1235 gigni

72 1242 112 1302 de
135 1239 228 1301 nihilo
252 1239 385 1313 nihilum,
406 1239 438 1300 in
462 1240 586 1301 nihilum
608 1241 650 1301 nil
671 1260 759 1320 posse
781 1240 901 1303 reverti.

72 1413 143 1470 sumi
164 1430 229 1487 prae
250 1412 421 1470 multitudine
442 1429 499 1469 non
520 1423 644 1486 possunt.
690 1432 758 1488 quae
788 1413 891 1471 cellaria
913 1411 1069 1469 muneribus
1091 1410 1152 1484 pin·

73 1499 168 1572 guium
200 1497 360 1554 Vmbrorum
389 1498 430 1553 vel
463 1497 590 1554 clientum
623 1499 723 1556 referta
748 1508 820 1563 sunt,
850 1499 948 1573 quibus
970 1497 1153 1553 defensionem

73 1583 269 1658 patrocinando
292 1583 432 1657 praebent.
519 1581 588 1639 bene
610 1600 684 1657 penu
707 1584 780 1647 dixit,
803 1600 858 1639 non
885 1600 996 1657 penore,
1030 1592 1061 1639 ut
1083 1582 1153 1638 Ver-

75 1668 156 1742 gilius
186 1666 265 1744 [Aea.
290 1672 316 1732 1,
339 1666 422 1742 704].
506 1668 576 1723 inter
598 1679 708 1725 cunctas
731 1686 797 1743 quas
819 1668 867 1724 tibi
889 1677 979 1741 partes
1011 1667 1155 1725 iniunxerit

75 1754 144 1810 deus
165 1753 194 1809 in
216 1754 340 1811 convictu
363 1754 409 1828 qni
432 1769 492 1810 cum
515 1753 668 1810 homiuibus
690 1763 739 1818 est,
762 1770 863 1810 summa
879 1753 998 1809 omnium
1012 1751 1153 1825 estphilo-

76 1839 197 1913 sophari.
240 1856 290 1896 nee
322 1847 348 1895 te
384 1837 542 1895 abstraxerit
578 1840 717 1896 admiratio
750 1838 927 1895 abundantiae
959 1844 987 1894 et
1019 1837 1155 1910 potentiae

76 1924 283 1989 causidicorum,
307 1924 382 1998 quod
403 1924 539 1999 plerisque
560 1925 701 1981 iuvenibus
723 1925 826 1981 accidit.
921 1925 960 1981 76
984 1938 1076 1979 macca
1098 1923 1156 1978 sal-

77 2010 191 2067 samenti
223 2026 309 2083 genus
342 2018 384 2066 est
415 2027 447 2066 ex
467 2010 541 2083 pisce
573 2010 686 2066 minuto.
775 2013 812 2068 77
838 2009 944 2066 hircosa
970 2009 1034 2065 dixit
1054 2017 1101 2064 aut
1123 2007 1155 2064 ab

77 2095 164 2152 odore
196 2095 333 2168 corporis,
365 2095 426 2168 quia
459 2112 490 2150 ex
517 2095 603 2152 multo
630 2094 723 2152 labore
748 2105 775 2152 et
796 2095 856 2153 cibo
879 2104 906 2152 et
926 2112 1021 2152 somno
1043 2093 1156 2151 fetidum

77 2180 186 2246 sudant,
220 2188 268 2236 aut
299 2179 332 2236 ad
360 2196 449 2236 mores
471 2180 600 2237 barbaros
622 2181 742 2245 rettulit,
769 2182 842 2255 quod
864 2198 958 2237 eorum
976 2181 1084 2256 quidam
1106 2179 1158 2237 dici

78 2265 167 2341 putidi
197 2264 297 2322 solent.
406 2269 444 2324 79
468 2282 524 2320 non
552 2283 618 2322 curo
648 2284 707 2323 esse
735 2267 787 2322 hoc
815 2266 890 2341 quod
913 2266 1044 2324 Arcesilas
1066 2265 1159 2340 philo-

79 2350 183 2425 sophus
212 2358 259 2407 aut
287 2349 371 2406 Solon
400 2351 447 2425 qui
475 2352 547 2425 apud
577 2351 753 2408 Athenienses
774 2351 951 2425 philosophus
974 2360 1001 2407 et
1022 2350 1160 2422 legislator

80 2444 148 2494 erat.
205 2434 319 2493 Solones
352 2453 417 2491 sane
448 2452 525 2492 more
552 2437 670 2492 Romano
700 2438 777 2501 dixit,
820 2446 852 2492 ut
884 2437 998 2491 Catones
1037 2434 1159 2490 Camillos

80 2522 192 2579 Drusus.
236 2520 388 2576 aerumnosi
420 2530 524 2586 autem,
559 2521 621 2594 quia
648 2521 785 2593 frugalitas
813 2519 1035 2593 philosophorum
1064 2518 1160 2574 misera

81 2606 187 2664 ridetur
208 2605 353 2663 luxuriosis
376 2614 403 2662 et
423 2605 552 2679 prodigis.
604 2624 635 2662 eo
659 2607 732 2680 quod
755 2605 871 2661 animum
895 2604 1014 2661 colentes
1037 2603 1159 2677 corporis

81 2691 185 2749 cultum
217 2690 342 2748 abiciant.
412 2689 543 2746 Arcesilas
574 2691 666 2765 Scythi
702 2690 771 2747 filius
809 2690 966 2755 Pitanaeus,
1000 2690 1159 2764 Cyrenaicus

81 2775 260 2852 philosophus
281 2775 492 2849 perfectissimus
514 2775 573 2839 fuit,
596 2776 643 2850 qui
666 2777 834 2833 Academiam
856 2777 957 2849 primus
979 2776 1087 2832 invenit.

170 2863 208 2923 80
234 2860 352 2934 obstipo.
386 2862 414 2918 id
443 2872 484 2918 est
512 2861 638 2919 inclinato
661 2872 689 2918 et
709 2862 866 2936 gravitatem
888 2861 1028 2918 simulante
1051 2869 1161 2918 etcum

84 2945 242 3021 obliquitate
269 2945 332 3002 fixo.
420 2949 460 3006 84
482 2948 567 3021 prima
595 2949 767 3022 physicorum
796 2947 916 3023 quaestio
943 2955 1031 3004 estet
1053 2947 1086 3003 de
1108 2963 1161 3020 qna

73 3031 154 3095 :inter
186 3049 279 3090 omnes
313 3033 452 3095 convenit,
487 3032 551 3088 nihil
581 3034 614 3091 de
642 3034 723 3089 nihilo
752 3033 826 3090 nasei
854 3044 881 3090 et
909 3033 973 3089 nihil
1000 3033 1025 3086 in
1049 3031 1161 3088 nihilum

71 3117 162 3175 solvi.
248 3128 328 3190 negat
357 3117 479 3174 centurio
509 3117 576 3174 velle
598 3136 627 3175 se
656 3120 757 3176 discere
785 3127 812 3175 et
841 3118 904 3174 dicit
923 3119 974 3174 ita:
1008 3115 1162 3190 philosophi

83 3201 242 3263 sibioculis
263 3202 395 3268 formant,
426 3203 459 3260 de
481 3202 580 3277 quibus
601 3204 726 3278 scripturi
748 3211 821 3268 sunt,
849 3212 880 3260 ut
901 3203 1026 3259 diuturna
1048 3199 1163 3256 infirmi-

83 3297 142 3346 tate
162 3287 294 3352 bomines,
317 3288 378 3361 quia
399 3289 517 3345 siccitate
539 3288 653 3346 febrium
665 3289 873 3346 etinsomuitate
885 3288 1048 3344 diversorum
1064 3286 1162 3359 imagi-

84 3389 135 3430 nes
156 3372 241 3430 oculis
262 3389 357 3430 eorum
379 3372 540 3430 formantur.
583 3374 661 3431 stoici
682 3383 834 3431 asseverant
855 3390 909 3428 non
932 3387 1013 3445 posse
1034 3370 1067 3426 ad
1089 3371 1162 3428 nihi-

84 3458 143 3514 lum
170 3458 268 3533 aliquid
295 3459 392 3515 reverti
421 3466 447 3516 et
474 3458 572 3532 aliquid
600 3477 656 3517 non
685 3461 713 3515 in
742 3459 807 3516 nihil
827 3457 934 3515 resolvi.
978 3471 1039 3512 nam
1061 3474 1161 3532 corpus

85 3543 182 3601 atomis
216 3552 336 3608 constat,
371 3560 432 3601 cum
464 3543 576 3610 decidit,
610 3546 637 3601 in
669 3553 773 3601 atomos
795 3541 956 3600 dissolvitur.

174 3710 208 3760 74
225 3708 345 3760 defensus
365 3715 389 3760 α
476 3713 507 3762 75
526 3724 576 3759 om.
596 3714 620 3759 α
639 3709 678 3775 (io
696 3710 819 3772 margine
837 3707 899 3759 add.
918 3710 943 3775 b)
968 3709 1035 3774 legit
1046 3711 1161 3761 Priscia-

86 3793 139 3828 nus
154 3791 182 3842 p.
201 3775 252 3829 205
321 3777 431 3829 eluentis
449 3779 472 3829 P
488 3777 588 3829 clientis
605 3793 623 3843 p
703 3777 735 3829 78
754 3774 826 3827 Dicta
846 3783 869 3827 α
950 3779 1023 3844 sapio
1042 3778 1104 3830 satis
1119 3781 1163 3829 est

86 3847 122 3898 P:
140 3844 205 3897 sctis
223 3847 264 3896 est
281 3846 354 3910 sapio
374 3852 397 3895 α
468 3848 501 3898 79
519 3845 622 3896 salones
637 3860 657 3910 p
676 3844 774 3896 solonis
793 3852 817 3895 α
903 3848 934 3899 80
954 3845 1033 3912 Obsip
1052 3847 1094 3896 vel
1111 3844 1162 3912 Op·

87 3913 128 3979 sip
148 3920 173 3965 α
191 3910 358 3979 Obstiepof’
436 3911 557 3979 fingentis
576 3920 600 3963 α
679 3914 710 3965 81
732 3913 882 3966 οτοὼιῃιΡ
975 3916 1006 3967 83
1025 3914 1123 3966 somnis
1141 3915 1165 3964 P

70 3981 174 4033 'omnia
193 3986 248 4032 tum
265 3997 360 4033 morsus
378 3983 477 4035 somnia
490 3998 511 4047 p
581 3984 615 4035 84
633 3980 663 4033 bi
680 3996 705 4035 n.
725 3989 749 4034 ot
817 3982 844 4034 in
862 3982 943 4036 nihilo
964 3989 987 4032 α
