2528 4364
461 223 554 276 LIBER
572 225 582 276 1
617 224 749 278 SATVRA
766 226 800 278 tv

94 394 195 471 iugera
218 402 293 471 quot
313 394 408 455 vicina
431 396 506 468 foro,
530 414 603 474 quas
625 398 730 458 emerit
752 398 862 461 aedes?

94 497 182 538 nemo
205 479 299 539 malus
321 480 400 553 felix,
424 481 544 542 minime
567 491 726 561 corruptor
748 484 874 545 elidem

93 563 233 636 incestus,
257 583 324 624 cum
347 583 407 643 quo
430 584 528 644 nuper
550 567 648 626 vittata
671 567 784 628 iacebat

92 647 238 726 sanguine
260 649 356 710 adhuc
377 649 441 710 vivo
463 658 571 710 terram
594 651 726 712 subitura
749 654 896 714 sacerdos.

92 732 144 792 sed
167 752 249 794 nunc
271 734 308 794 de
330 735 414 795 factis
436 736 605 797 levioribus
650 744 679 796 et
701 745 799 798 tamen
823 739 898 799 alter

93 818 117 878 si
140 818 259 880 fecisset
281 819 368 891 idem,
392 819 510 880 caderet
533 821 588 882 sub
611 821 707 883 iudice
731 842 864 896 morum;

92 920 159 962 nam
184 904 263 982 quod
286 913 372 983 turpe
395 905 483 966 bonis
505 905 582 966 Titio
607 905 745 985 Seioque,
769 908 892 969 decebat

92 986 272 1068 Crispinum.
317 989 388 1068 quid
411 1008 489 1070 agas,
513 1009 579 1050 cum
604 991 665 1051 dira
689 1001 719 1052 et
740 993 856 1053 foedior
878 995 959 1055 omni

92 1073 218 1135 crimine
240 1093 367 1153 persona
390 1073 456 1135 est?
478 1076 603 1136 mullum
625 1095 675 1138 sex
699 1077 817 1139 milibus
840 1079 919 1153 emit,

91 1168 267 1238 aequantem
290 1178 362 1220 sane
384 1160 505 1239 paribus
528 1163 662 1223 sestertia
684 1161 776 1235 libris,

90 1252 124 1303 ut
146 1243 304 1324 perhibent
326 1245 376 1323 qui
400 1245 436 1307 de
458 1247 572 1324 magnis
595 1248 704 1307 maiora
727 1249 900 1326 loquuntur.

92 1328 248 1389 consilium
270 1330 357 1390 laudo
380 1330 510 1404 artificis,
533 1332 556 1391 si
580 1350 705 1393 munere
726 1340 809 1393 tanto

90 1414 280 1493 praecipuam
302 1414 334 1474 in
358 1414 465 1475 tabulis
488 1432 585 1476 ceram
609 1419 690 1478 senis
712 1416 833 1478 abstulit
855 1416 936 1494 orbi3

91 1507 133 1559 est
156 1500 230 1559 ratio
252 1500 386 1570 ulterior,
409 1517 533 1578 magnae
556 1500 580 1561 si
603 1502 683 1562 misit
703 1502 823 1574 amicae,

90 1602 166 1664 quae
187 1585 305 1645 vehitur
327 1585 410 1645 cluso
433 1585 499 1644 latis
521 1586 725 1664 specularibus
748 1595 844 1647 antro.

90 1669 133 1730 nil
154 1669 211 1729 tale
233 1679 386 1749 expectes:
412 1670 483 1730 emit
505 1669 570 1730 sibi.
615 1672 704 1731 multa
727 1671 860 1731 ridemus

90 1773 165 1834 quae
187 1754 279 1815 miser
301 1763 330 1816 et
351 1755 429 1834 frugi
454 1773 515 1815 non
539 1755 609 1815 fecit
631 1756 761 1836 Apicius.
805 1756 862 1816 hoc
885 1764 918 1816 tu

73 1839 260 1900 succinctus
281 1840 375 1918 patria
398 1841 558 1918 quondam,
583 1839 726 1921 Crispino,
749 1838 885 1920 papyro?

88 1926 146 1986 hoc
167 1925 263 2004 pretio
287 1922 448 2002 squamae?
491 1925 588 2004 potuit
610 1927 733 1987 sortasse
757 1926 881 1987 minoris

87 2010 217 2089 piscator
239 2028 326 2088 quam
349 2009 439 2089 piscis
461 2010 535 2087 emi3
559 2012 711 2090 provincia
733 2011 807 2072 tant'

87 2094 188 2156 vendit
211 2112 307 2174 agros,
330 2097 381 2156 sed
404 2097 528 2156 maiores
551 2097 656 2176 Apulia
679 2097 788 2160 vendit.

173 2238 188 2290 7
212 2234 308 2290 hortos
331 2243 378 2291 aut
398 2237 481 2310 spatia
504 2235 568 2292 dicit
589 2237 616 2292 in
638 2234 778 2293 suburbio.
882 2236 988 2294 dhaer
1017 2235 1165 2309 virginibus

85 2318 181 2376 Vestae
202 2336 293 2392 poena
314 2318 401 2376 luerat
425 2321 542 2383 decreta,
566 2330 598 2377 ut
620 2322 642 2376 si
665 2321 769 2379 vitiatae
790 2321 913 2386 luissent,
936 2322 1010 2377 vivae
1031 2321 1058 2376 in
1073 2320 1165 2393 parie-

84 2402 156 2461 tibus
178 2404 355 2461 struebantur
377 2413 425 2461 aut
445 2404 497 2461 sub
520 2413 591 2461 terra
614 2403 808 2462 obruebantur.
912 2409 946 2462 11
972 2421 1027 2460 non
1051 2421 1080 2459 ea
1103 2404 1164 2460 obi-

86 2489 167 2554 ciens,
192 2490 310 2563 quaein
333 2506 394 2545 eum
416 2489 569 2562 turpissima
591 2496 664 2545 sunt.
761 2492 797 2547 16
820 2506 868 2544 sex
888 2488 1027 2545 librarum.
1125 2491 1161 2544 17

85 2573 178 2631 divites
200 2574 349 2647 gluttones.
460 2575 497 2631 18
520 2573 573 2629 hoc
595 2581 753 2646 argumento
775 2572 902 2630 utebatur
923 2573 957 2629 ad
979 2572 1106 2637 caelibes,
1133 2581 1165 2628 ut

84 2658 240 2716 muneribus
267 2674 314 2714 eos
336 2656 488 2713 lautissimis
510 2674 687 2730 corrumpens
708 2658 884 2715 hereditatem
906 2657 1013 2714 illorum
1035 2666 1162 2732 captaret.

174 2745 211 2800 19
235 2742 347 2816 primam
370 2741 398 2796 in
420 2759 472 2815 qua
494 2742 607 2800 heredes
630 2741 708 2816 primi
729 2743 894 2800 scribuntur.
1010 2745 1049 2801 29
1073 2752 1115 2800 est
1136 2753 1163 2799 et

85 2828 136 2882 alia
157 2827 241 2892 ratio,
273 2843 343 2901 quae
365 2844 424 2884 cum
448 2837 559 2902 cogeret
580 2829 708 2900 grandem
730 2830 830 2902 piscem
852 2846 955 2893 emere,
978 2838 1010 2886 ut
1030 2845 1080 2903 per
1102 2845 1162 2885 eum

83 2920 234 2969 matronam
257 2921 421 2986 corrumpat.
510 2915 547 2971 21
572 2913 693 2971 lecticam
715 2914 832 2972 mulieris
854 2924 901 2972 aut
921 2914 1013 2972 sellam
1034 2914 1161 2971 clausam.

171 2999 210 3055 22
240 3015 296 3055 non
319 3008 410 3073 potest
431 2999 481 3056 dici
504 2999 666 3074 heredipeta.
688 3001 788 3056 renuis
812 3002 852 3056 sui
875 3001 979 3063 cultor,
1008 2999 1162 3056 luxuriosus

84 3094 133 3140 est.
242 3086 281 3143 23
305 3083 415 3158 Apicius
436 3093 532 3141 auctor
552 3084 799 3159 praecipiendarum
823 3102 964 3148 cenarum,
988 3085 1035 3158 qni
1056 3082 1163 3154 scripsit

85 3169 118 3225 de
141 3169 269 3227 inscellis.
291 3169 344 3227 tuit
364 3186 425 3227 nam
448 3170 596 3244 exemplum
619 3170 707 3244 gulae.
796 3169 990 3228 2411111111
1015 3167 1161 3239 Aegyptius

84 3253 288 3310 Alexandrinus.
309 3255 336 3310 iu
359 3272 412 3329 qua
433 3272 565 3330 papyrum
587 3255 707 3312 nascitur
728 3256 755 3310 in
770 3255 840 3311 Nilo.
855 3255 926 3311 sicut
939 3252 998 3308 vult
1017 3250 1160 3313 luvenalis,

85 3337 221 3410 Crispinus
243 3339 396 3413 chartapola
417 3339 478 3396 luit.
566 3340 604 3398 25
628 3340 681 3396 hoc
701 3340 789 3412 pretio
812 3357 835 3394 s.
858 3339 966 3412 piscem.
989 3353 1003 3390 a
1026 3343 1102 3408 parte
1121 3343 1162 3390 to·

85 3432 151 3478 tum.
239 3424 275 3479 27
302 3423 515 3497 anthypophora.
539 3425 615 3498 qnasi
638 3423 774 3497 Crispinus
796 3425 850 3480 hoc
871 3420 1054 3494 responderit:
1082 3409 1160 3493 ‘quid

171 3569 350 3622 ddamaarat
373 3569 484 3620 Iahnius
589 3571 712 3624 91111111
734 3569 765 3620 S:
794 3569 887 3620 1111111
906 3569 930 3618 P
948 3583 1052 3634 quoque
1074 3570 1109 3632 (si
1125 3585 1160 3618 aar

84 3639 151 3702 1111,
171 3639 296 3690 eorreoeit
311 3639 369 3702 ipse
385 3638 414 3688 P.
433 3641 460 3689 et
475 3638 644 3702 adscriptum
662 3643 702 3688 ert
717 3636 874 3689 redimiculis
898 3636 978 3702 ligata
1001 3637 1073 3687 uittis
1091 3636 1159 3686 redi-

83 3708 146 3758 mita
159 3708 227 3759 sicut
239 3705 369 3770 sacerdos)
433 3708 464 3758 13
477 3704 589 3774 Scioque
603 3706 771 3758 Columnas:
791 3705 910 3772 serioque
922 3706 980 3755 Pw
1051 3707 1082 3756 15
1095 3704 1160 3755 mul-

83 3781 138 3828 turn
155 3775 236 3827 Puel
254 3774 361 3826 mullum
379 3775 410 3824 in
426 3775 586 3839 marginep
691 3775 723 3826 18
741 3774 763 3825 si
781 3776 813 3825 P:
832 3773 892 3839 inp
996 3775 1028 3826 25
1046 3774 1159 3839 praetios

84 3857 159 3911 quam
179 3858 194 3896 e
211 3845 244 3895 P:
261 3843 389 3909 praetium
407 3856 514 3910 squame
531 3849 594 3906 pw.
620 3856 751 3910 squamam
772 3842 860 3894 Valla.
894 3840 973 3907 piscis
991 3842 1159 3907 adscriptum

82 3914 188 3979 inipso
205 3927 301 3976 uersu,
323 3911 421 3980 piscem
442 3911 604 3961 terebella.
631 3912 681 3961 hcc
704 3916 734 3960 tu
756 3909 847 3972 fecisti
870 3911 926 3962 loco
949 3909 1042 3972 infimo
1060 3912 1159 3960 natur?

83 3980 134 4031 hoc
148 3983 239 4045 pretio
256 3995 384 4046 squamae
400 3983 505 4046 acaptare
522 3982 604 4030 suat?
