2528 4364
117 222 141 274 X
559 218 742 272 PRAEFATIO

116 394 206 471 longe
228 391 351 454 ulterius
373 392 404 453 in
428 393 482 453 hac
504 393 549 453 via
572 410 748 472 progressus
771 401 815 454 est
837 391 907 453 Otto
930 389 1121 464 Ribbocbius,
1145 392 1202 470 qui

118 514 187 556 cum
216 503 329 557 saturas
358 495 384 555 X
412 494 466 555 XII
488 494 556 556 XIII
578 494 642 555 XIV
671 495 721 555 XV
750 494 814 554 XVI
843 494 973 556 quenali
1003 492 1198 567 abiudicaret,

118 608 152 659 ut
174 616 190 658 a
213 596 418 658 declamatore·
432 598 531 676 abquo
548 598 716 658 Iuvenalem
737 598 871 659 imitante
894 597 1087 676 conscrIptas,
1111 605 1198 675 post·

118 719 206 779 quam
230 700 376 778 permulta
400 719 435 760 ex
451 700 572 780 reliquis
586 700 693 761 saturis
707 700 836 773 seclusit,
860 717 935 778 quae
950 707 1073 773 restant,
1095 717 1199 760 veram

117 802 262 864 Iuvenalis
277 803 445 882 Imaginem,
468 821 556 882 qnam
580 803 680 863 nescio
702 803 783 862 unde
807 801 924 863 ductam
946 801 1045 862 animo
1068 800 1124 862 sibi
1147 801 1198 862 in-

117 907 261 981 formavit,
277 905 376 984 aliquo
393 906 480 966 modo
496 915 719 984 repraesentare
735 905 860 967 censuit.
897 905 995 984 aliquo
1012 905 1100 964 modo
1117 902 1200 978 dIco,

118 1009 259 1087 quoniam
282 1009 359 1069 haud
381 1026 474 1088 pauoa
497 1008 542 1068 vel
563 1008 593 1069 in
617 1007 755 1069 Iuvenale
770 1007 922 1068 decurtato
945 1007 1096 1086 leguntur,
1119 1024 1200 1085 quae

120 1129 181 1172 uon
205 1110 304 1171 minus
319 1110 493 1188 displiceant
510 1128 597 1189 quam
615 1128 717 1171 eorum
742 1128 817 1188 quae
835 1110 927 1170 eiecta
944 1107 1107 1170 suntbona
1118 1126 1201 1187 pars,

121 1230 255 1290 quaeque
278 1212 428 1274 deleturus
443 1213 506 1285 luit,
532 1214 556 1274 si
581 1213 650 1291 quid
668 1212 819 1292 intellego,
843 1211 1033 1283 Ribbeckins,
1057 1212 1145 1272 modo
1170 1213 1202 1274 id

120 1313 183 1391 pari
212 1313 348 1375 facilitate
374 1314 450 1374 elfici
474 1314 627 1393 potuisset.
678 1332 775 1392 neque
805 1313 876 1373 mibi
908 1322 988 1374 certe
1018 1312 1202 1376 Ribbcclrius

122 1414 208 1490 libro,
225 1434 312 1495 quem
328 1415 479 1495 inscripsit
494 1416 544 1477 der
555 1415 699 1478 ccbteund
714 1416 764 1478 der
774 1415 891 1477 uoccbte
905 1415 1027 1477 quenci
1040 1420 1078 1492 (a.
1090 1415 1200 1503 1865),

121 1536 180 1597 quo
205 1519 371 1599 exemplum
393 1519 424 1579 in
440 1518 570 1580 editione
592 1537 617 1579 a.
633 1519 714 1583 1859
729 1518 915 1598 propositum
931 1518 1064 1579 doctrina
1081 1528 1112 1579 et
1126 1536 1201 1579 acu·

119 1621 201 1682 mine
223 1621 389 1701 approbare
411 1622 538 1695 studuit,
567 1622 627 1683 ullo
657 1621 744 1683 modo
773 1621 935 1701 persuasit,
966 1640 1062 1700 neque
1090 1623 1202 1684 vetusti

118 1724 197 1794 librI,
220 1742 308 1801 quem
324 1724 437 1786 iocatus
453 1725 591 1804 appellat,
612 1725 658 1785 vel
674 1724 752 1785 docti
767 1725 862 1797 amici,
886 1725 935 1802 qui
950 1733 1106 1802 postquam
1122 1743 1201 1803 pau·

29 1835 33 1841 ’
121 1828 163 1888 cis
185 1826 288 1888 diebus
310 1845 399 1887 unam
421 1827 603 1905 alteramque
626 1835 755 1887 saturam
778 1827 913 1905 perlegit,
938 1826 1037 1887 omnia
1063 1827 1119 1886 iam
1145 1827 1201 1888 de·

120 1929 208 1989 londo
232 1939 260 1989 et
275 1930 502 2007 transponendo
524 1928 648 2007 pulchre
665 1928 826 2006 composita
849 1946 913 1989 esse
929 1928 1070 2001 clamavit,
1094 1947 1202 2007 quam·

119 2031 162 2092 vis
185 2031 265 2109 gravi
287 2031 461 2090 auctoritate
483 2030 594 2090 moveri
616 2048 664 2090 me
679 2047 783 2109 passus
805 2049 880 2091 sum.
918 2048 985 2091 nam
1009 2050 1047 2091 ne
1070 2031 1201 2093 alterum

122 2133 240 2211 quidem
263 2130 481 2210 transponendi
497 2132 662 2205 artificium,
685 2132 716 2192 in
739 2150 799 2209 quo
813 2132 924 2193 multus
947 2145 991 2194 est
1006 2132 1199 2208 Ribbeckius,

119 2252 182 2294 rem
206 2233 275 2294 satis
290 2233 446 2312 promovit.
491 2233 579 2294 dubIa
596 2242 680 2294 acrrte
696 2234 821 2296 movisse
837 2233 1030 2295 Ribbeclrium
1054 2252 1199 2313 agnosco,

120 2337 171 2398 sed
195 2336 357 2397 remedium
380 2354 440 2414 quo
462 2336 557 2396 utitur
579 2337 623 2396 vel
645 2336 711 2397 ideo
735 2336 878 2416 duplicet,
909 2338 988 2415 quod
1019 2336 1100 2397 omni
1123 2357 1199 2416 pro·

119 2438 268 2500 habilitate
290 2447 379 2500 caret.
425 2456 603 2518 quamquam
626 2439 705 2499 enim
729 2439 759 2499 in
783 2457 883 2500 rerum
906 2447 1011 2499 natura
1025 2439 1103 2498 baud
1126 2457 1198 2502 raro

117 2560 186 2602 vere
209 2541 274 2602 fieri
295 2543 402 2616 videas,
426 2560 500 2621 quae
523 2552 645 2603 narratu
668 2560 730 2603 non
753 2542 915 2622 probabilia
939 2542 1008 2615 sict,
1037 2551 1137 2602 tamen
1163 2543 1195 2604 in

119 2644 200 2704 omni
223 2653 295 2716 arte,
319 2644 437 2722 quando
460 2663 527 2706 raro
551 2645 648 2706 evenit
669 2653 703 2705 ut
725 2645 794 2723 quid
817 2663 918 2705 verum
942 2644 980 2705 sit
1002 2644 1091 2706 certis
1105 2663 1198 2722 argu·

118 2745 227 2806 mentis
243 2745 369 2818 evincas,
387 2746 467 2806 omui
485 2747 573 2806 modo
588 2747 779 2807 adnitendum
797 2756 841 2807 est
855 2754 889 2806 ut
903 2745 1109 2824 probabilitate
1125 2765 1197 2825 per-

118 2847 251 2910 suadeas.
296 2864 383 2925 quam
406 2847 463 2908 nisi
486 2856 636 2909 assecutus
659 2848 759 2920 fueris,
783 2849 833 2926 qui
858 2849 975 2909 tandem
1000 2867 1103 2909 verum
1126 2867 1143 2908 a
1168 2859 1198 2912 te

118 2949 272 3010 inventum
295 2968 359 3010 esse
382 2958 414 3010 ut
430 2950 567 3010 credatur
581 2947 767 3029 postulabis?
790 2950 992 3011 difficillimam
1009 2950 1045 3011 de
1059 2949 1197 3015 versibus

119 3050 254 3112 insiticiis
277 3052 480 3130 quaestionem
502 3071 540 3112 ne
563 3053 652 3132 SIgm.
677 3052 752 3113 Guil.
776 3051 952 3113 Teuffelium
981 3052 1099 3132 quidem
1122 3071 1196 3131 pro-

120 3154 244 3215 movisse
268 3162 350 3234 puto.
395 3155 445 3232 qui
473 3173 542 3216 cum
570 3156 606 3215 de
634 3153 810 3234 quibusdam
840 3156 913 3217 locis
938 3165 1062 3235 propter
1083 3157 1196 3233 repeti-

118 3257 215 3319 tiones
236 3257 368 3318 molestis
390 3257 428 3318 ita
444 3257 597 3331 iudicaret,
620 3266 652 3318 ut
673 3257 797 3336 duplicis
819 3258 856 3319 ab
879 3259 943 3338 ipso
967 3253 1196 3341 poetalinstitu-

120 3367 166 3419 tae
189 3360 372 3421 recensionis
401 3360 520 3437 vestigia
549 3371 733 3439 agnosceret,
762 3361 860 3439 potius
890 3361 959 3439 quid
983 3379 998 3421 a
1021 3369 1107 3440 poeta
1130 3379 1194 3422 non

119 3463 277 3540 repetitum
300 3482 364 3525 esse
380 3472 496 3543 optaret
507 3463 679 3539 declarasse,
702 3483 792 3543 quam
808 3464 877 3542 quid
901 3474 987 3543 poeta
1003 3463 1106 3525 fecerit
1121 3481 1197 3541 prc-

120 3563 204 3625 basse
227 3565 298 3625 mihi
319 3567 443 3628 videtur.

206 3667 356 3728 Svcrrcnc
371 3678 499 3731 saturam
521 3669 552 3729 in
576 3669 678 3730 codice
700 3670 871 3731 monasterii
887 3669 1044 3732 BobIensis
1065 3688 1092 3732 a.
1111 3671 1194 3734 1493

121 3769 271 3829 inventam
294 3768 363 3830 inde
385 3771 505 3833 abstulit
521 3772 665 3850 Georgius
680 3772 791 3832 Merula
807 3772 1022 3833 Alexandrinus
1044 3778 1119 3833 teste
1136 3770 1195 3832 lia-

122 3871 226 3950 pbaele
250 3871 440 3933 Volaterrano
464 3892 569 3934 comm.
595 3874 659 3935 urb.
682 3873 719 3934 IV
744 3873 792 3934 Iol.
816 3876 856 3937 56
880 3875 924 3935 ed.
948 3874 1033 3934 Rom.
1056 3891 1082 3935 a.
1102 3875 1196 3939 1506.

121 3974 172 4051 qui
195 3992 261 4034 cum
284 3974 363 4035 inter
386 3974 476 4036 libros
491 3974 576 4036 Bobii
591 3985 727 4055 repertos
750 3976 886 4039 nominet
906 3976 1052 4039 heroicum
1071 3972 1198 4057 Sulpt'tit‘
