2528 4364
557 176 663 230 PERSll
680 177 756 230 VITA
1156 182 1196 240 59

119 346 243 408 Petroni
258 345 445 409 Aristocratis
461 349 614 428 Magnetis,
639 368 713 428 quos
735 352 824 412 unice
847 353 969 413 miratus
992 362 1080 415 estet
1096 373 1197 416 aemu-

118 432 206 507 latus,
229 450 296 492 oum
320 433 456 512 aequales
477 442 577 495 essent
599 434 732 507 Cornuti,
755 437 855 497 minor
876 438 949 516 ipse.

207 517 283 577 idem
307 517 409 578 decem
432 520 493 579 lere
516 519 602 580 annis
629 538 743 581 summe
772 520 896 582 dilectus
918 542 934 582 a
957 523 1045 583 Paeto
1069 524 1197 585 Thrasea

120 613 166 664 cst
188 602 228 662 ita
252 613 284 664 ut
307 603 547 682 peregrinaretur
570 623 689 683 quoque
718 623 786 665 cum
815 627 851 668 eo
881 607 1057 686 aliquando,
1087 628 1197 688 cogna-

82 693 181 748 5tam
204 687 268 748 eius
290 687 404 748 Arriam
427 707 548 749 uxorem
571 690 707 750 habente.

208 772 264 834 fuit
285 791 401 833 morum
425 774 653 848 lenissimorum,
680 775 875 835 verecundiae
897 776 1062 854 virginalis,
1085 778 1197 838 formae

119 857 273 937 pulchrae,
296 858 413 937 pietatis
436 877 503 938 erga
527 867 651 920 matrem
674 870 703 920 et
725 878 858 921 sororem
883 869 912 921 et
927 861 1043 921 amitam
1060 863 1195 941 exemplo

118 942 304 1003 sufficientis.

206 1027 262 1087 fuit
283 1027 371 1106 frugi,
393 1028 528 1106 pudicus.

72 1119 98 1170 to
206 1113 326 1190 reliquit
346 1111 593 1174 circallSvicies
610 1115 694 1173 matri
718 1123 747 1174 et
768 1115 864 1175 sorori
883 1115 1001 1194 seriptis
1024 1122 1138 1175 tantum
1161 1114 1196 1174 ad

120 1205 243 1258 matrem
261 1197 411 1258 codicillis.
442 1198 575 1259 Cornuto
591 1199 703 1276 rogavit
719 1207 752 1259 ut
767 1200 849 1261 daret
865 1201 1008 1274 sestertia,
1030 1209 1064 1260 ut
1079 1200 1196 1279 quidam

121 1282 235 1356 dicunt,
251 1282 284 1356 C,
306 1282 411 1357 otalii,
435 1283 458 1342 L
474 1292 503 1344 et
518 1284 633 1362 argenti
649 1284 717 1345 lacti
733 1285 834 1363 pondo
849 1285 951 1362 viginti
967 1293 997 1346 et
1011 1285 1104 1346 libros
1119 1285 1197 1345 circa

120 1368 328 1446 septingentos
344 1367 499 1448 Chrysippi
522 1369 581 1430 sive
603 1369 818 1448 bybliothecam
841 1388 923 1430 suam
944 1389 1072 1431 omnem.
1095 1389 1197 1431 verum

120 1470 136 1512 a
154 1450 287 1514 Cornuto
302 1453 424 1515 sublatis
439 1453 522 1515 libris
538 1455 664 1532 pecunia
680 1454 844 1528 sororibus,
869 1473 941 1532 quas
963 1456 1088 1517 heredes
1106 1457 1198 1516 frater

72 1544 98 1595 lb
120 1537 239 1611 lecerat,
262 1538 362 1599 rehcta
385 1548 438 1599 est.

207 1622 381 1702 scriptitavit
396 1632 427 1684 et
441 1641 508 1684 raro
525 1633 554 1683 et
569 1624 660 1684 tarde.
694 1623 775 1684 hunc
797 1623 894 1701 ipsum
917 1623 1025 1684 librum
1048 1626 1198 1704 inperfec-

121 1717 185 1768 tum
218 1708 346 1786 reliquit.
402 1727 505 1770 versus
536 1709 625 1787 aliqui
655 1709 764 1788 dempti
798 1718 869 1768 sunt
902 1709 1005 1769 ultimo
1038 1708 1131 1782 libro,
1165 1719 1198 1769 ut

122 1792 204 1871 quasi
226 1793 328 1854 linitus
350 1803 435 1854 esset.
472 1793 576 1854 leviter
599 1795 733 1855 coerexit
756 1794 907 1854 Cornutus
929 1802 959 1853 et
981 1793 1082 1855 Caesio
1107 1794 1196 1854 basso

120 1878 243 1958 petenti,
267 1887 300 1938 ut
321 1879 384 1958 ipse
407 1878 516 1952 ederet,
540 1879 659 1940 tradidit
681 1879 837 1940 edendum.

72 1969 100 2020 20
206 1964 366 2042 scripserat
388 1964 418 2024 in
441 1965 568 2042 pueritia
584 1964 707 2026 Flaccus
723 1965 811 2026 etiam
833 1971 1016 2042 praetextam
1039 1971 1068 2023 et
1084 1963 1195 2023 hodoe-

121 2047 248 2127 poricon
271 2047 379 2109 librum
403 2067 497 2109 unum
521 2057 550 2110 et
571 2069 682 2129 paucos
711 2051 741 2110 in
771 2068 889 2111 socrum
912 2049 1058 2109 Thraseae
1087 2048 1117 2108 in
1141 2051 1197 2108 Ar-

119 2133 193 2193 riam
224 2143 347 2194 matrem
371 2152 486 2207 versus,
517 2153 593 2213 quae
621 2155 653 2196 se
681 2144 750 2197 ante
774 2135 867 2195 virum
897 2134 1053 2194 occiderat.
1099 2134 1196 2194 omnia

122 2236 154 2278 ea
178 2227 281 2279 auctor
303 2219 358 2279 fuit
380 2218 531 2280 Cornutus
553 2221 639 2280 matri
662 2223 724 2281 eius
747 2229 780 2281 ut
802 2219 942 2280 aboleret.

207 2303 318 2364 editum
342 2303 451 2365 librum
474 2305 618 2366 continno
642 2306 742 2365 mirari
764 2305 902 2365 homines
925 2312 954 2364 et
976 2304 1105 2383 diripere
1127 2323 1197 2364 coe-

72 2400 99 2452 25
119 2396 240 2468 perunt.

206 2473 332 2534 decessit
353 2483 451 2534 autem
474 2474 544 2535 vitio
567 2475 710 2535 stomachi
732 2491 811 2533 anno
835 2473 937 2533 aetatis
959 2471 1046 2531 XXX.

206 2559 257 2619 sed
280 2577 347 2618 mox
370 2567 403 2618 ut
430 2577 446 2617 a
474 2559 574 2619 schola
603 2559 807 2638 magistrisque
837 2557 974 2628 devertit,
1003 2557 1079 2617 lecto
1102 2556 1197 2616 Lucili

120 2642 197 2703 libro
227 2643 341 2703 decimo
369 2645 561 2704 vehementer
588 2653 701 2704 saturas
730 2660 912 2721 componere
940 2642 1061 2703 studuit.
1112 2641 1198 2702 cuius

121 2727 191 2788 libri
213 2727 392 2807 principium
416 2729 546 2789 imitatus
569 2738 614 2790 est
635 2729 690 2790 sibi
713 2729 820 2808 primo,
844 2746 911 2788 mox
929 2727 1067 2789 omnibus
1082 2728 1195 2788 detrec·

72 2819 99 2872 lt)
119 2820 235 2874 taturus
258 2831 325 2873 cum
348 2821 429 2874 tanta
455 2815 618 2875 recentium
647 2822 802 2893 poetarum
833 2822 861 2873 et
890 2821 1040 2873 oratorum
1069 2815 1195 2874 insecta-

120 2898 212 2971 tione,
235 2908 268 2958 ut
290 2901 376 2958 etiam
393 2899 541 2959 Neronem
558 2900 724 2979 prinoipem
741 2899 819 2959 illius
833 2899 977 2977 temporis
992 2899 1196 2978 inculpaverit.

119 2982 206 3044 cuius
227 3002 329 3044 versus
351 2983 381 3044 in
405 2984 554 3045 Neronem
578 3003 644 3046 cum
668 2985 706 3045 ita
729 3003 761 3045 se
784 2983 907 3044 baberet
933 2977 1093 3045 ‘auriculas
1122 2983 1196 3044 asini

119 3067 196 3128 blida
219 3087 271 3129 rex
292 3059 408 3141 habet'‚
432 3070 462 3129 in
486 3088 553 3130 eum
577 3070 697 3130 modum
721 3088 736 3129 a
761 3069 893 3130 Cornuto
916 3070 980 3148 ipso
1002 3078 1117 3129 tantum
1141 3086 1196 3126 no-

207 3256 218 3304 1
234 3251 397 3303 Aristocratis
411 3254 549 3304 Pithoeus:
562 3253 747 3317 aristotegratis
760 3253 823 3302 libre·
910 3254 925 3303 2
938 3252 1050 3302 minores
1062 3251 1118 3314 ipse
1132 3250 1195 3299 libri

207 3322 342 3373 tutamen
360 3321 485 3371 Pithoeus
547 3323 577 3374 11
597 3319 699 3387 quidam
719 3320 737 3371 G
756 3322 810 3385 (uel
828 3320 935 3382 centies)
953 3324 982 3370 ut
999 3318 1041 3370 alii
1061 3316 1152 3367 uolunt
1170 3321 1197 3368 et

121 3387 185 3437 libri
254 3391 286 3439 14
304 3389 414 3454 pecuniis
433 3418 463 3426 -
481 3389 585 3456 reliquit
606 3395 634 3439 et
657 3388 720 3439 libri
807 3390 838 3441 18
858 3389 991 3438 contraoet
1008 3385 1054 3435 uel
1071 3384 1198 3435 contraxit

119 3456 166 3505 uel
181 3455 300 3507 recitauit
319 3455 396 3507 libri:
416 3458 526 3508 correxit
544 3456 751 3508 Laurentianus.
776 3456 924 3507 retractauit
942 3454 1092 3504 Bouberiue
1164 3455 1196 3506 20

120 3526 147 3573 et
167 3515 361 3595 ὃδοιπορικῶν
375 3526 514 3575 Pithoeus:
542 3529 568 3576 et
586 3524 660 3576 aecio
678 3529 705 3576 et
723 3524 811 3591 operio
825 3523 968 3573 bernensis
986 3522 1073 3573 nescio
1092 3525 1117 3572 et
1136 3536 1196 3586 ope-

119 3590 192 3643 ricon
208 3594 323 3657 plurimi
341 3593 419 3656 libri,
445 3607 510 3657 ergo
531 3608 662 3657 graecum
685 3594 795 3643 uerbum
814 3591 956 3641 dimidium
973 3591 1003 3639 in
1020 3605 1102 3640 uersu
1120 3590 1198 3640 dinei·

121 3659 195 3710 dium
211 3676 295 3725 supra
312 3676 421 3710 uersum
439 3662 607 3727 archetypas.
621 3665 711 3726 potest
727 3658 812 3720 fuisse
833 3658 1038 3724 oschophoricon
1120 3661 1149 3710 21
1171 3657 1197 3708 in

120 3740 222 3779 socrum
242 3728 424 3779 casaubonus:
444 3743 560 3780 sororum
579 3729 651 3778 libri.
669 3743 735 3793 ergo
753 3732 830 3778 uehis
848 3727 915 3777 ordo
933 3727 977 3777 hic
994 3727 1020 3778 in
1033 3726 1130 3778 Arriam
1144 3740 1197 3776 ma·

120 3799 185 3846 trem
203 3811 304 3848 socrum
317 3794 445 3849 Thraseae
516 3799 547 3849 26
565 3795 655 3847 XXllX
672 3795 780 3846 lleiziue
848 3797 881 3848 28
899 3795 1011 3847 institnit
1030 3795 1095 3844 libri
1163 3794 1197 3844 33

119 3860 294 3982 ilqselqantnm
313 3864 389 3916 modo
407 3871 447 3918 est
468 3865 539 3916 libri.
557 3865 615 3929 ipso
636 3870 690 3915 tum
708 3864 759 3914 iam
778 3866 879 3915 mortuo
906 3867 945 3915 est
966 3863 1138 3913 Heinricbius
1165 3877 1197 3911 ac

158 3932 182 3983 el
206 3949 254 3983 rus
