2528 4364
107 196 160 249 Vlll
551 193 735 248 PRAEFATIO

108 388 177 430 1515
200 370 231 430 111
255 368 356 431 5511155
373 368 400 429 P
417 369 551 431 traditam
574 368 779 430 recensionem
801 366 884 445 sequi
899 366 1004 431 solent.
1050 374 1187 427 ceterum

110 473 197 534 etiam
220 490 288 533 cum
310 472 397 534 huius
418 472 537 551 generis
553 471 706 532 codicibus
720 470 902 531 scholiorum
918 469 987 530 satis
1002 468 1097 547 ampla
1120 468 1187 529 col·

109 575 197 636 lectio
219 576 377 636 coniuncta
402 593 466 636 esse
488 575 571 644 solet,
594 574 676 635 nullo
699 573 885 654 cognationis
906 571 998 651 gradu
1020 571 1110 632 altera
1134 571 1185 631 illa

108 678 218 739 scholia
240 679 418 755 contingens
440 688 470 738 et
485 677 520 737 ab
536 677 618 738 omni
634 678 822 756 grammatica
837 675 970 736 doctrina
985 674 1186 752 antiquitatis·

108 798 168 858 que
189 779 359 860 cognitione
381 788 511 853 remota,
539 779 618 839 inter
645 796 719 858 quae
741 788 771 839 et
793 777 916 839 Cornuti
938 795 1049 856 anceps
1072 793 1184 837 nomen

106 881 232 943 iactatur
253 881 404 949 etlleirici
426 881 568 960 magistri,
592 880 642 959 qui
665 881 695 941 in
719 880 868 960 corruptis
887 879 1000 959 graecis
1023 878 1184 939 restituen-

107 984 151 1046 dis
172 983 224 1062 (lx
247 986 300 1061 37)
327 985 436 1044 lrustra
466 983 665 1057 desudaverit,
694 983 853 1044 auctoritas
882 981 1055 1061 appellatur.
1107 998 1185 1059 quae

104 1087 217 1147 scholia
239 1085 334 1164 qualia
357 1085 417 1147 sint
430 1104 466 1146 ex
481 1085 701 1164 speciminibus,
726 1103 800 1163 quae
816 1094 883 1164 post
899 1084 1068 1145 Crumerum
1085 1083 1184 1144 Scho-

106 1206 203 1267 penus
225 1189 255 1248 in
280 1196 496 1268 programmate
511 1188 663 1249 Bonnensi
685 1207 710 1248 a.
729 1190 820 1261 1847,
843 1186 1129 1248 carlomannus
1152 1185 1184 1246 in

106 1290 318 1351 schediasmate
333 1288 369 1349 de
385 1289 563 1351 scholiorum
579 1289 615 1349 ad
629 1289 796 1350 Iuvenalem
808 1307 917 1369 genere
933 1287 1079 1349 deteriore
1091 1285 1186 1362 (Gott.

109 1394 218 1466 1849),
247 1391 387 1471 Gigchius
410 1391 440 1452 in
463 1400 603 1471 apparatu
633 1391 737 1452 critico
768 1390 803 1452 ad
826 1391 994 1452 Iuvenalem
1016 1388 1123 1467 (Lugd.
1148 1388 1184 1448 B.

109 1494 202 1569 1849)
226 1503 255 1554 51
269 1493 300 1553 15
317 1492 413 1554 tribus
428 1493 574 1573 capitibus
588 1493 755 1556 Iuvenalem
770 1495 893 1572 eiusque
908 1492 1080 1554 scholiastes
1096 1509 1185 1570 spec-

107 1595 238 1657 tantibus
260 1596 364 1675 (Lugd.
381 1596 413 1657 B.
431 1598 525 1672 1850)
547 1606 780 1675 proposuerunt,
802 1597 872 1658 satis
894 1595 1023 1675 perspici
1047 1602 1156 1674 potest.

191 1699 294 1759 harum
318 1700 525 1761 recensiouum
549 1717 613 1760 eam
635 1700 780 1761 rationem
804 1718 877 1772 esse,
901 1708 1043 1777 utquam
1067 1697 1115 1758 PS
1135 1716 1187 1759 re·

107 1809 300 1879 praesentant
320 1801 435 1880 integra
456 1801 591 1862 habenda
614 1803 652 1862 sit
674 1809 703 1860 51
722 1801 827 1880 purior
849 1818 892 1872 ea,
915 1818 1003 1878 quam
1020 1800 1110 1860 ceteri
1132 1818 1187 1861 55-

106 1903 185 1964 dices
218 1903 352 1982 plerique
386 1922 490 1964 omnes
518 1905 570 1978 (15)
602 1910 652 1962 aut
684 1903 769 1962 multi
801 1901 940 1963 exhibent
974 1902 1187 1981 interpolatam

106 2014 136 2065 et
158 2006 353 2083 depravatam,
374 2012 531 2084 postquam
553 2004 584 2064 in
608 2004 737 2065 editione
759 2023 775 2064 a
798 2022 845 2065 me
868 2023 893 2064 a.
912 2006 990 2068 1851
1017 2012 1117 2064 curata
1134 2004 1186 2066 PS

105 2107 273 2167 testimonia
296 2115 438 2184 quantum
461 2107 525 2166 11511
548 2107 645 2185 potuit
665 2106 769 2185 plena,
798 2118 964 2167 ceterorum
988 2107 1122 2168 codicum
1146 2125 1185 2168 ex

98 2225 213 2287 magno
236 2226 361 2268 numero
384 2208 573 2282 selectorum,
597 2218 739 2287 quantum
762 2210 910 2281 satisfuit,
933 2210 1084 2289 proposita
1100 2221 1184 2286 sunt,

104 2311 169 2372 Car.
193 2310 240 2372 Fr.
264 2312 454 2372 Hermaunus
476 2311 589 2372 duabus
612 2311 875 2389 disputationibus,
907 2329 980 2390 quas
1004 2311 1040 2371 de
1072 2312 1185 2372 codici·

96 2412 161 2476 bus
183 2413 329 2475 luvenalis
351 2422 431 2475 recte
452 2414 641 2475 aestimandis
665 2414 755 2491 (Gott.
774 2415 867 2492 1847)
893 2423 922 2474 51
942 2413 1083 2474 vindicias
1099 2412 1185 2475 luve-

105 2516 236 2577 nalianas
258 2516 348 2593 (Gott.
372 2517 466 2589 1854)
489 2516 649 2596 inscripsit,
672 2517 752 2576 etin
777 2517 960 2595 praefatione
983 2514 1121 2576 editionis
1144 2517 1185 2592 (a.

108 2619 202 2695 1854)
224 2619 390 2680 accuratius
412 2620 632 2681 demonstravit.
677 2619 775 2698 itaque
798 2638 860 2679 rem
884 2627 1014 2698 apertam
1042 2618 1185 2696 exemplis

105 2720 251 2781 illustrare
273 2720 469 2798 supersedeo,
493 2723 633 2799 quoniam
656 2722 773 2782 selectis
795 2721 937 2800 exemplis
961 2720 1033 2780 nihil
1056 2720 1112 2780 nisi
1136 2719 1186 2781 PS

104 2820 223 2881 testium
245 2821 422 2900 praestantia
441 2821 594 2900 probatur,
616 2823 644 2881 id
668 2823 748 2900 quod
764 2832 853 2901 caput
875 2831 928 2895 est,
952 2840 1013 2882 eam
1030 2821 1183 2882 recensio-

105 2941 173 2983 nem
197 2941 213 2982 e
235 2941 311 3001 puro
340 2924 423 2983 fonte
445 2925 561 2983 ductam
585 2924 683 3002 itaque
706 2933 903 3002 comparatam
928 2943 1009 2998 esse,
1038 2932 1070 2984 ut
1094 2923 1181 2984 etiam

104 3023 135 3085 iu
159 3024 280 3085 incertis
310 3035 339 3086 et
367 3024 463 3085 dubiis
485 3033 589 3085 contra
618 3025 812 3105 interpolatos
841 3025 934 3087 libros
961 3027 1111 3104 sequenda
1134 3025 1182 3100 sit,

105 3126 279 3205 quaestione
301 3127 418 3188 demum
441 3145 496 3207 per
517 3135 612 3189 totum
635 3128 742 3189 librum
766 3128 921 3209 diligenter
943 3129 1075 3190 instituta
1099 3136 1182 3208 pate-

104 3230 168 3290 fleri
189 3238 296 3310 potest.
341 3230 420 3308 quod
442 3248 504 3289 non
527 3248 639 3302 vereor,
663 3250 701 3291 ne
724 3231 790 3309 quis
811 3231 842 3291 in
859 3240 921 3292 arte
937 3231 1038 3291 critica
1060 3230 1182 3310 paulum

105 3340 237 3392 versatus
258 3333 296 3393 ita
312 3332 535 3410 interpretetur,
559 3333 642 3411 quasi
656 3333 687 3392 in
705 3331 753 3393 PS
766 3333 864 3394 omnia
880 3343 971 3406 recte,
994 3333 1022 3393 in
1042 3332 1183 3394 1551111115

105 3450 195 3512 prave
217 3435 325 3514 scripta
341 3443 452 3495 extent.
490 3435 599 3495 etenim
617 3453 715 3512 neque
730 3435 755 3496 is
770 3435 855 3510 liber,
878 3437 958 3495 unde
975 3434 1022 3496 PS
1035 3435 1182 3513 originem

107 3545 261 3613 ceperunt,
276 3554 291 3595 a
307 3537 384 3597 vitiis
399 3537 539 3598 immunis
549 3537 614 3611 fuit,
632 3555 728 3615 neque
743 3537 793 3615 qui
805 3536 874 3598 inde
887 3536 1108 3617 descripserunt
1120 3556 1181 3596 non

107 3636 199 3697 multa
211 3637 398 3717 neglegentia
409 3648 582 3717 peccarunt.
606 3649 708 3700 contra
721 3639 751 3699 in
766 3658 800 3701 55
813 3640 959 3718 exemplo,
972 3639 1183 3718 quodNicaeus

110 3756 178 3799 cum
202 3739 303 3800 Servio
325 3740 520 3820 interpolavit,
543 3742 606 3802 fieri
630 3761 690 3803 uon
714 3741 819 3822 potuit,
842 3743 915 3820 quin
937 3742 1029 3804 multa
1051 3742 1090 3803 ita
1113 3751 1146 3802 ut
1166 3761 1182 3802 5

106 3849 194 3920 poeta
216 3841 325 3920 scripta
347 3852 432 3902 erant
453 3853 576 3917 servata,
600 3844 715 3922 integra
738 3861 754 3903 a
777 3843 904 3905 librariis
932 3842 1184 3906 transscriberen-

100 3950 164 4002 tur.
210 3961 300 4021 quare
323 3962 385 4004 non
410 3944 576 4006 mirandum
601 3956 660 4022 est,
688 3947 713 4008 si
736 3947 814 4006 haud
837 3965 898 4007 uuo
921 3947 987 4008 loco
1008 3945 1041 4007 in
1064 3966 1094 4013 ω
1113 3962 1185 4009 casu
