2528 4364
515 228 646 282 SATVRA
666 229 699 280 Vl

592 470 633 539 Vl

74 605 212 666 Admovit
233 605 290 664 iarn
314 604 419 664 bruma
441 604 508 663 loco
530 613 570 683 te,
593 605 691 678 Basse,
715 601 847 664 Sabino?

75 693 174 753 iamne
197 690 259 768 lyra
282 697 311 749 et
334 689 436 749 tetrico
460 688 560 749 vivunt
582 688 635 750 tibi
658 689 776 769 pectine
799 687 948 749 chordae?

75 776 152 836 mire
174 774 272 854 opifex
296 773 428 834 numeris
451 783 581 833 veterum
605 773 765 854 primordia
787 792 893 834 vocum

76 871 165 940 atque
188 877 299 920 marem
321 859 478 937 strepitum
501 858 566 919 fidis
588 859 751 919 intendisse
774 858 890 931 latinae,

75 965 146 1006 mox
168 945 289 1005 iuvenes
311 943 421 1022 agitare
443 943 525 1004 iocos
547 953 576 1003 et
598 944 705 1022 pollice
727 943 854 1004 honesto

77 1029 215 1110 egregius
237 1027 342 1089 lusisse
364 1046 465 1089 senex.
511 1029 582 1088 mihi
605 1048 688 1089 nnnc
711 1028 801 1105 Ligus
824 1046 874 1088 ora

76 1117 192 1195 intepet
213 1113 410 1191 hibernatque
433 1130 531 1174 meum
555 1131 645 1186 mare,
672 1132 730 1192 qua
753 1113 828 1174 latus
850 1113 957 1192 ingens

164 1286 195 1341 Vl
222 1288 235 1342 l
260 1285 329 1340 hanc
350 1285 458 1340 satiram
480 1284 572 1340 scribit
594 1285 626 1340 ad
642 1285 761 1342 Caesium
778 1286 885 1340 Bassum
907 1284 1021 1359 lyricum
1038 1290 1154 1358 poetam.

77 1388 158 1447 quem
190 1370 258 1426 lama
292 1378 334 1426 est
365 1371 392 1425 in
424 1370 538 1444 praediis
566 1369 621 1425 suis
649 1370 766 1444 positum
796 1370 906 1426 ardente
929 1370 1040 1426 Vesuvio
1062 1377 1156 1425 monte

80 1456 236 1530 Campaniae
269 1463 296 1512 et
326 1454 380 1511 late
408 1454 516 1527 ignibus
544 1453 698 1511 abundante
727 1472 787 1511 cnm
816 1454 878 1510 villa
898 1471 945 1510 sua
968 1464 1070 1512 ustum.
1113 1453 1157 1510 hic

77 1558 143 1616 ergo
167 1542 229 1598 dum
251 1541 360 1604 vireret,
382 1540 467 1596 Roma
487 1540 519 1595 ad
535 1539 647 1596 Sabinos
670 1547 824 1604 secesserat,
849 1538 894 1595 nhi
915 1540 1020 1597 hiemali
1036 1548 1157 1614 tempore

76 1628 104 1683 in
126 1627 188 1683 loco
210 1624 297 1682 calido
320 1625 437 1681 carmina
458 1623 601 1681 scribebat.
709 1640 738 1680 se
760 1634 849 1680 autem
873 1624 935 1680 dicit
958 1625 1065 1681 Persius
1086 1624 1157 1698 apud

76 1711 211 1785 Liguriam
239 1709 322 1766 luisse
350 1710 378 1765 in
405 1710 467 1765 loco
490 1709 536 1766 ubi
561 1718 658 1783 portus
681 1709 795 1766 naturali
816 1708 888 1764 flexu
911 1718 1038 1765 curvatus
1058 1709 1157 1765 fluctus

76 1799 106 1852 in
128 1813 157 1855 se
178 1795 283 1869 recipit,
306 1795 353 1868 qui
374 1804 487 1869 propter
508 1797 689 1852 curvationem
711 1804 807 1869 portus
822 1795 913 1850 Lernae
935 1802 1055 1851 vocatur.
1081 1793 1157 1851 euius

78 1882 156 1939 etiam
179 1881 280 1936 Ennius
301 1880 329 1935 in
350 1880 481 1954 principio
496 1880 629 1937 annalium
645 1897 757 1936 suorum
772 1880 891 1935 meminit
905 1879 957 1934 hoc
970 1896 1060 1943 versu,
1078 1895 1157 1953 quem

78 1967 156 2024 etiam
185 1966 293 2023 Persius
322 1965 483 2021 carminibus
512 1966 566 2020 suis
594 1966 680 2022 iunxit
708 1975 734 2020 et
762 1964 846 2020 relort
866 1963 899 2018 ab
922 1964 1007 2020 Ennio
1030 1964 1158 2020 ablatum.

80 2053 125 2125 qui
148 2050 248 2106 Ennius
275 2050 329 2107 hoc
357 2051 479 2124 scripsit,
509 2051 574 2106 dum
596 2068 625 2106 se
645 2051 673 2106 in
695 2051 813 2107 Parnaso
835 2049 982 2107 somniasse
1004 2050 1110 2106 dixisset
1132 2056 1159 2105 et

79 2138 162 2192 visam
185 2134 295 2192 Homeri
323 2135 434 2192 animam
463 2136 612 2192 secundum
633 2136 801 2210 Pythagorae
830 2136 953 2208 dogmata
974 2153 1025 2210 per
1046 2134 1159 2191 aliorum

82 2237 196 2296 corpora
219 2220 251 2275 ad
274 2238 303 2277 se
325 2220 438 2277 venisse.
510 2221 527 2278 3
549 2238 645 2278 sensus
668 2229 721 2278 est:
746 2238 762 2277 o
785 2221 904 2277 mirande
919 2220 1012 2277 artilex
1033 2221 1160 2278 varietate

81 2322 272 2369 numerorum,
303 2323 382 2379 qnam
409 2306 442 2362 dc
471 2307 563 2362 metris
592 2307 693 2380 graecis
722 2306 841 2378 excerpis
869 2314 896 2362 et
921 2305 1055 2362 masculos
1077 2322 1160 2361 sonos

80 2391 171 2448 latinis
192 2399 266 2464 aptas
289 2390 460 2446 carminibus.
590 2394 608 2448 4
631 2391 777 2447 masculum
801 2399 828 2446 et
854 2389 952 2446 fortem
975 2407 1081 2455 sonum,
1105 2405 1160 2445 non

83 2492 137 2550 quo
159 2473 249 2532 solent
270 2476 377 2549 quidam
399 2475 474 2532 velut
494 2475 618 2532 muliebri
640 2493 671 2532 ac
692 2475 767 2532 molli
788 2491 855 2531 voce
877 2485 994 2531 cantare.
1103 2473 1161 2529 fidis

82 2578 169 2636 genus
197 2569 239 2617 est
266 2561 381 2616 citharae
411 2561 483 2634 quod
512 2569 565 2616 tam
594 2561 764 2634 singulariter
792 2576 871 2633 mam
893 2559 1034 2632 pluraliter
1055 2559 1162 2616 dicitur.

82 2655 114 2702 ut
135 2645 261 2702 Horatius
284 2644 340 2720 [od.
359 2648 385 2710 1,
406 2649 453 2711 17,
473 2640 583 2719 181‘et
608 2646 660 2702 lide
683 2646 745 2701 'leia
769 2645 839 2701 dices
860 2643 1014 2701 laborantes
1035 2644 1062 2700 in
1085 2638 1162 2701 uno'.

82 2730 232 2806 pluraliter,
260 2740 292 2786 ut
319 2730 450 2804 Vergilius
473 2727 598 2805 [decb
618 2730 688 2805 120]
710 2724 845 2786 ‘Threicia
873 2729 958 2786 fretus
980 2729 1079 2786 cithara
1101 2730 1163 2788 fidi-

84 2816 190 2889 busque
212 2811 338 2872 canoris'.
462 2820 479 2874 5
503 2817 612 2873 invenes
634 2816 718 2881 iocos,
742 2817 802 2873 ideo
826 2817 898 2890 quod
921 2815 1034 2890 lyricum
1057 2832 1164 2874 carmen

85 2901 118 2957 de
139 2901 264 2957 iuvenum
290 2902 326 2957 sit
347 2917 438 2957 amore
467 2902 657 2976 compositum.
786 2910 813 2958 et
834 2901 931 2974 pollice
953 2900 1078 2966 honesto,
1102 2904 1165 2976 quia

86 2985 269 3042 citharizantes
290 3002 347 3041 non
369 2986 456 3042 solum
479 2986 583 3061 plectro
604 3004 698 3044 verum
720 2987 798 3043 etiam
813 2986 896 3060 digito
912 2987 945 3043 de
960 2987 1067 3044 chordis
1081 3004 1167 3044 sonos

86 3071 213 3127 educunt.
235 3080 267 3126 ut
281 3071 413 3144 Vergilius
428 3067 508 3145 [Aen.
526 3075 554 3135 6,
573 3070 644 3146 647]
654 3065 776 3146 ‘iamque
797 3073 889 3128 eadem
911 3071 1000 3145 digitis
1014 3073 1032 3127 i.
1047 3089 1075 3144 p.
1088 3089 1115 3146 p.
1129 3066 1165 3128 e.‘

174 3157 191 3213 6
214 3172 244 3211 se
264 3155 352 3229 ipsum
367 3157 475 3213 Persius
489 3157 621 3230 significat
636 3158 776 3214 secessisse
791 3157 818 3212 in
832 3157 956 3230 Liguriae
971 3155 1038 3213 fines
1053 3165 1167 3230 propter

86 3239 204 3297 llnlriam
226 3240 373 3297 Sisenniam
395 3250 507 3298 matrem
530 3259 614 3307 snam,
639 3259 708 3316 quae
729 3250 792 3316 post
814 3250 927 3298 mortem
951 3241 1048 3314 prioris
1065 3241 1115 3296 viri
1129 3240 1166 3298 ibi

87 3333 173 3398 nupta
201 3332 268 3381 erat.
396 3327 437 3383 vel
465 3327 537 3401 quod
571 3327 598 3382 in
627 3327 757 3383 brumalia
786 3326 886 3399 frigora
916 3325 1035 3399 tepidum
1063 3324 1167 3382 caelum

86 3409 169 3482 ligus
191 3425 240 3465 ora
259 3411 394 3484 praebeat.
463 3410 628 3477 *thibernat
652 3413 735 3469 saevit
755 3411 797 3468 vel
812 3428 826 3467 a
840 3410 949 3484 navigiis
970 3419 1054 3467 vacat.
1098 3410 1168 3469 sicut

174 3573 208 3624 Vl
225 3573 274 3626 ode
293 3575 381 3643 quinta
400 3575 423 3625 B
440 3574 472 3626 ad
491 3579 588 3628 cestnm
608 3577 712 3628 bassum
729 3575 855 3642 lycnrinm
875 3579 903 3639 (i.
920 3575 1040 3643 lyricum)
1066 3581 1166 3644 poetam

88 3645 116 3695 Ρ.
144 3643 352 3708 Sublaqucmem
387 3642 503 3703 fundum
530 3646 643 3696 habebat
679 3645 705 3696 0.
731 3645 838 3696 Uaccius
871 3646 972 3696 Barrus
1010 3645 1073 3697 ult.
1100 3647 1173 3699 XIV

88 3710 154 3762 3471
259 3712 401 3779 2neclyra
421 3719 444 3762 α
535 3713 592 3779 lyre
616 3718 642 3764 et
665 3713 744 3765 tricae
767 3713 882 3765 niuntP
904 3716 934 3764 in
956 3730 1054 3765 rasura
1071 3717 1170 3779 (potest

91 3779 154 3830 edm
169 3778 254 3838 scrisse
270 3780 327 3847 lyre
344 3781 459 3845 tetricae)
481 3779 537 3847 lyra
557 3786 583 3833 et
602 3781 707 3834 tetricae
730 3782 822 3833 ninunt
841 3798 861 3847 p
958 3781 1051 3833 charde
1074 3798 1125 3834 om.
1144 3789 1169 3833 α

90 3847 189 3900 ΜΒ
207 3847 317 3916 corch
382 3849 397 3899 3
417 3863 454 3912 pr.
472 3863 556 3899 rernm
574 3863 667 3900 uocum
685 3851 825 3914 P(nocum
844 3850 990 3916 adscripsit
1006 3847 1122 3910 fortasse
1139 3852 1168 3917 p)

178 3917 361 3968 dmatremB
431 3916 606 3981 dhegregins
626 3923 650 3967 α
668 3918 807 3983 Aegrecins
826 3920 850 3969 P
865 3918 1039 3983 Aegregiosp
1117 3918 1170 3969 ius-

91 3981 157 4035 sisse
172 3990 196 4033 α
265 3999 374 4050 senesp
444 3984 575 4051 lignsyora
590 3991 614 4034 α
687 3986 883 4053 'thihetnatqne
896 3993 920 4036 α
934 3986 1095 4048 hibernaque
1108 3986 1176 4045 Ppe.

144 4073 236 4117 hcm
968 4071 989 4118 h
