2528 4364
568 168 670 222 PERSll
688 167 764 220 vira

182 477 270 538 Vlrt
293 478 326 539 A.
350 477 475 539 PERSII
498 475 632 539 FLACCl
654 475 703 537 DE
728 472 1007 536 communitum
1030 473 1147 535 PROBl

488 561 642 624 VALERIl
665 559 834 622 SVBLATA

214 682 306 743 Aulus
328 681 446 743 Persius
468 681 591 742 Flaccus
614 688 701 741 natus
729 689 774 740 est
795 678 890 758 pridie
913 695 1008 739 nonas
1030 677 1201 739 Decembris

129 767 220 828 Fabio
244 767 362 828 Persico
385 766 418 826 L.
442 766 557 827 Vitellio
581 784 656 827 coss.
680 765 806 826 decessit
828 762 894 823 Vlll
916 762 1057 824 kalendas
1079 762 1203 824 Decem-

130 853 191 914 bris
213 853 245 912 P.
268 851 359 912 Mario
383 851 479 913 Afinio
503 851 584 912 Gallo
608 869 683 912 coss.
1223 849 1236 897 t

215 946 300 998 natus
323 937 353 998 in
377 936 495 998 Etruria
513 936 678 1009 Volaterris,
702 953 793 1013 eques
816 933 982 1006 Romanus,
1005 932 1153 1011 sanguine
1177 940 1205 993 et

130 1024 272 1084 affinitate
294 1022 382 1100 primi
404 1021 518 1082 ordinis
540 1022 611 1082 viris
633 1021 822 1082 coniunctus.
860 1017 985 1079 decessit
1007 1018 1044 1078 ad
1067 1028 1203 1080 octavum

129 1108 286 1170 miliarium
310 1107 353 1167 via
376 1107 470 1185 Appia
493 1108 523 1167 in
547 1106 675 1186 praediis
697 1106 767 1166 suis.

223 1200 309 1272 pater
330 1209 397 1252 eum
422 1187 568 1275 [Flaccus]
593 1191 738 1271 pupillum
762 1190 882 1268 reliquit
903 1189 1034 1249 moriens
1055 1205 1203 1248 annorum

129 1279 192 1338 fere
214 1296 274 1338 sex.
297 1276 397 1337 Fulvia
420 1277 555 1337 Sisennia
578 1277 680 1355 nupsit
707 1284 809 1354 postea
831 1275 920 1336 Fusio
949 1272 1040 1352 equiti
1069 1271 1203 1334 Romano
1226 1271 1250 1320 10

130 1371 249 1423 etcum
273 1380 392 1440 quoque
415 1361 519 1422 extulit
542 1363 617 1421 intra
641 1379 752 1440 paucos
775 1380 879 1421 annos.

215 1447 328 1508 studuit
342 1446 464 1507 Flaccus
480 1465 574 1526 usque
589 1448 625 1507 ad
640 1464 753 1508 annum
767 1445 821 1505 XII
835 1445 937 1506 aetatis
952 1462 1023 1506 suae
1034 1442 1203 1515 Volaterris,

130 1532 199 1592 inde
232 1532 343 1592 Romae
376 1533 453 1611 apud
486 1533 709 1609 grammaticum
740 1531 905 1591 Remmium
935 1530 1142 1590 Palaemonem
1176 1535 1204 1587 et

131 1618 207 1696 apud
230 1618 379 1678 rhetorem
401 1617 572 1696 Verginium
596 1617 726 1677 Flavum.

216 1721 283 1762 cum
307 1713 384 1764 esset
406 1721 554 1763 annorum
569 1701 644 1776 XVI,
667 1702 792 1762 amicitia
815 1701 914 1779 coepit
935 1699 978 1759 uti
1000 1697 1115 1758 Annaei
1132 1696 1203 1757 Cor·
1226 1694 1251 1743 15

133 1787 196 1849 nuti
218 1789 257 1848 ita
287 1797 320 1847 ut
349 1805 494 1866 nusquam
522 1787 558 1847 ab
582 1805 617 1847 eo
640 1786 813 1848 discederet.
857 1786 996 1846 inductus
1018 1783 1203 1862 aliquatenus

130 1874 159 1933 in
183 1873 401 1953 philosophiam
424 1881 476 1933 cst.

215 1958 324 2018 amicos
336 1957 438 2017 babuit
450 1976 465 2016 a
477 1956 572 2035 prima
590 1955 786 2016 adulescentia
800 1955 931 2016 Caesium
945 1955 1066 2014 bassum
1085 1963 1203 2032 poetam

130 2051 159 2102 et
182 2042 374 2121 Calpurnium
398 2042 555 2114 Staturam,
578 2041 629 2118 qui
652 2041 715 2101 vivo
739 2059 774 2100 eo
797 2041 910 2101 iuvenis
933 2038 1067 2100 decessit.
1112 2038 1204 2098 coluit

130 2135 163 2187 ut
185 2135 298 2204 patrem
315 2125 469 2186 Servilium
485 2125 663 2187 Nonianum.
701 2126 839 2204 cognovit
861 2143 915 2204 per
931 2122 1096 2186 Cornutum
1116 2124 1202 2183 etiam
1224 2119 1251 2169 20

129 2213 285 2271 Annaeum
300 2210 453 2271 Lucanum
476 2229 656 2289 aequaevum
679 2211 842 2272 auditorem
864 2209 997 2271 Cornuti.
1035 2211 1114 2284 [nam
1131 2208 1203 2269 Cor-

132 2305 222 2357 nutus
245 2295 295 2356 illo
318 2303 452 2375 tempore
469 2297 598 2375 tragicus
613 2297 669 2357 luit
683 2306 781 2358 sectae
797 2296 939 2375 poeticae,
963 2293 1013 2373 qui
1029 2293 1121 2354 libros
1136 2293 1202 2372 phi·

131 2381 282 2460 losephiae
298 2381 425 2460 reliquit.
463 2382 524 2459 sed]
540 2382 679 2443 Lucanus
695 2381 856 2442 mirabatur
876 2381 949 2441 adeo
969 2378 1079 2457 scripta
1094 2377 1202 2451 Flacci,

130 2475 163 2528 ut
184 2467 231 2527 vin
253 2486 284 2528 se
307 2468 451 2528 retineret
472 2468 618 2529 recitante
641 2485 675 2527 eo
698 2467 734 2527 de
757 2485 840 2527 more
872 2466 942 2545 quin
972 2464 1021 2524 illa
1048 2481 1112 2524 esse
1134 2481 1202 2523 vera

128 2561 272 2632 poemata,
295 2572 348 2614 sua
370 2554 455 2615 ludos
470 2552 590 2614 diceret.
614 2571 681 2614 sero
697 2551 834 2630 cognovit
851 2559 879 2612 et
895 2550 1049 2622 Senecam,
1073 2550 1202 2609 sednon
1225 2546 1251 2595 23

129 2646 163 2698 nt
184 2646 341 2717 caperetur
363 2639 426 2700 cius
448 2639 579 2718 ingenio.
626 2657 695 2700 usus
719 2645 764 2699 est
785 2638 864 2716 apud
887 2635 1052 2696 Cornutum
1074 2634 1202 2695 duorum

130 2723 267 2782 convictu
283 2723 520 2783 doctissimorum
543 2731 572 2783 et
592 2723 845 2784 sanctissimorum
861 2721 992 2781 virorum
1008 2718 1114 2779 acriter
1129 2727 1202 2781 tunc

129 2805 416 2885 philosophantium,
454 2808 555 2868 Claudi
584 2808 748 2886 Agathurni
783 2807 887 2867 medici
916 2803 1142 2866 Lacedaemonii
1174 2812 1202 2864 et

215 2973 229 3023 3
249 2971 328 3023 Aules
347 2971 410 3022 libri
493 2977 510 3025 4
527 2972 627 3024 uitellio
647 2986 679 3023 ue
697 2973 762 3022 libri
848 2976 862 3025 b
881 2971 973 3024 Publio
992 2972 1110 3037 Lipsius:
1128 2970 1203 3022 rubio

130 3040 174 3090 uel
189 3040 276 3091 rubrio
295 3040 359 3091 libri
427 3041 508 3092 asinio
526 3041 590 3091 libri
607 2989 646 3100 02
662 3039 738 3090 Klein
755 3038 887 3100 fastorum
906 3055 976 3091 cons.
991 3055 1018 3104 p.
1036 3038 1070 3090 39

214 3112 230 3161 9
249 3108 356 3160 Flaccus
372 3108 468 3159 seclusi
538 3112 569 3161 10
592 3123 619 3160 se
643 3107 727 3172 ipsum
744 3107 848 3161 Persius
872 3106 999 3174 significat
1019 3106 1158 3160 secessisse
1176 3107 1201 3158 in

130 3177 245 3242 Liguriae
263 3174 329 3228 fines
346 3181 451 3243 propter
463 3175 578 3228 Fuluiam
591 3174 733 3228 Sisenniam
751 3182 857 3229 matrem
876 3192 956 3241 suam,
973 3190 1039 3243 quae
1058 3179 1118 3242 post
1135 3189 1202 3227 mor-

131 3250 181 3296 tem
200 3246 291 3311 prioris
309 3245 356 3296 uiri
374 3245 410 3296 ibi
428 3250 507 3311 nupta
530 3247 584 3297 erat
605 3244 687 3295 schol.
707 3247 730 3308 6,
749 3248 764 3297 6
873 3245 955 3296 inscio
979 3244 1024 3294 uel
1040 3243 1125 3295 ruscio
1145 3246 1203 3308 pui-

130 3312 191 3364 dam
209 3315 273 3365 libri
342 3315 374 3366 18
392 3313 457 3365 hunc
481 3313 583 3365 satiram
602 3312 691 3364 scribit
708 3312 811 3365 Persius
829 3313 861 3364 ad
879 3312 996 3364 Caesium
1013 3311 1123 3363 Bassum
1140 3311 1202 3380 lyri-

129 3379 962 3516 tertiistiliitiitittitiiittdistiti
979 3380 1094 3500 itit
1113 3383 1201 3501 '3¹⁰¹'te

215 3518 247 3569 20
266 3523 295 3569 ut
307 3534 356 3570 om.
370 3519 435 3569 libri
481 3517 619 3584 alloquitur
637 3514 785 3582 Macrinum,
803 3517 931 3569 hominem
949 3531 1011 3568 sane
1030 3485 1157 3568 eruditum
1175 3520 1202 3567 et

129 3586 235 3647 paterno
254 3600 281 3636 se
306 3585 398 3639 affectu
423 3585 585 3651 diligentem,
613 3585 657 3651 qui
679 3584 705 3635 in
731 3585 807 3637 domo
826 3585 927 3637 Seruilii
951 3583 1088 3650 didicerat,
1116 3598 1201 3652 aquo

130 3650 240 3716 agellum
259 3657 451 3719 comparauerct
468 3653 569 3705 indulto
586 3653 635 3705 sibi
653 3653 736 3717 pretio
749 3654 882 3721 aliquanto
894 3653 975 3705 schol.
989 3654 1040 3716 2,1
1094 3654 1126 3706 21
1141 3667 1200 3704 nam

129 3746 163 3755 —
181 3720 212 3770 23
232 3720 277 3772 sed
294 3726 409 3772 someuit
426 3722 558 3787 Burghiua
627 3721 660 3772 22
679 3723 858 3785 grammaticus
876 3721 1022 3772 Martiniur
1103 3721 1200 3775 stoicae

129 3787 256 3838 Pithoeus
325 3791 358 3842 24
375 3790 501 3842 recitanti
518 3790 628 3842 clamore
646 3803 712 3854 qnae
729 3790 773 3840 illa
792 3790 863 3842 libri.
882 3793 936 3840 ium
954 3792 1046 3840 uerius
1059 3794 1128 3855 puto
1147 3790 1201 3841 tole

129 3854 252 3908 recitante
270 3855 337 3909 Mela
355 3863 427 3925 patre
511 3859 542 3910 25
561 3873 608 3910 suo
627 3856 688 3907 ludo
707 3857 802 3910 laceret
820 3858 883 3909 libri
960 3859 992 3911 te
1011 3858 1138 3923 ageturini
1156 3859 1202 3909 uel

130 3925 267 3990 ageturrini
284 3925 361 3977 libri:
379 3925 544 3994 Aguthemeri
562 3925 700 3978 hernesius
716 3926 839 3992 Agathini
859 3927 981 3978 Oceanus
