2528 4364
135 195 175 254 30
615 194 719 248 PERSll

134 372 193 432 boc
216 377 261 430 est
283 371 362 447 quod
384 369 501 450 palles‘l
523 388 578 431 cur
600 370 665 449 quis
689 388 749 429 non
773 369 918 448 prandeat
938 371 996 431 hoc
1019 360 1112 432 estl’'
1181 381 1209 432 85

134 456 180 517 bis
201 455 330 552 populus
352 455 437 530 ridet,
460 457 645 552 multumque
667 464 766 517 torosa
789 455 926 516 iuventus

134 541 301 643 ingeminat
321 541 462 602 tremulos
485 560 557 603 naso
582 540 731 620 crispante
754 539 925 601 cachinnos.

174 618 322 705 “inspice
346 627 447 687 nescio
470 627 540 706 quid
562 626 689 704 trepidat
710 626 783 686 mihi
806 633 911 704 pectus
932 633 961 686 et
964 625 1080 727 aegris

133 710 269 772 faucibus
291 720 449 792 exsuperat
470 712 566 791 gravis
587 711 735 784 halitus,¹
728 711 841 790 inspice
864 703 972 772 sodes’‘

135 797 185 876 qui
208 797 279 858 dicit
299 797 456 870 medicos
448 816 545 859 iussus
567 797 764 875 requiescere,
786 807 943 875 postquam

133 882 218 942 tertia
241 882 410 979 conpositas
431 881 503 943 vidit
524 900 584 942 nox
607 899 727 943 currere
749 900 848 956 venas,

133 966 169 1028 de
192 967 303 1028 maiore
325 968 413 1028 domo
436 967 552 1028 modice
573 967 691 1028 sitiente
713 966 836 1046 lagoena

132 1051 211 1113 lenia
233 1053 330 1113 loturo
353 1051 408 1114 sihi
432 1052 607 1154 Surreptina
629 1052 764 1153 rogabit

130 1130 229 1198 “heus
250 1137 340 1210 bone,
363 1146 396 1198 tu
418 1130 539 1234 pallesff’
583 1130 682 1199 “nihil
704 1128 776 1200 est'
821 1129 942 1198 “rideas
963 1143 1063 1197 tamen
1087 1135 1165 1197 istuc

129 1222 277 1324 quidquid
300 1222 329 1283 id
353 1230 405 1297 est,
428 1222 523 1302 surgit
544 1222 632 1283 tacite
653 1221 706 1283 tibi
730 1223 807 1283 lutea
829 1214 943 1301 pellis.''
1179 1229 1209 1281 at

129 1299 184 1367 “at
205 1317 238 1368 tu
261 1307 390 1368 deterius
412 1308 513 1387 palles.
557 1327 595 1368 ne
617 1307 657 1369 sis
679 1308 750 1368 mihi
772 1316 863 1368 tutor.

132 1391 190 1452 iam
213 1393 328 1472 pridem
350 1393 432 1454 hunc
454 1393 561 1472 sepeli:
584 1400 616 1452 tu
639 1385 810 1455 restas‘l''‘
813 1386 927 1472 ‘perge
950 1381 1083 1453 taceboff'

131 1477 268 1556 turgidus
289 1478 337 1538 hic
360 1478 454 1556 epulis
476 1487 565 1558 atque
588 1477 654 1539 albo
676 1487 779 1540 ventre
801 1479 921 1551 lavatur,

132 1572 252 1641 gutture
274 1563 429 1643 sulpureas
451 1563 530 1625 lente
553 1564 705 1625 exhalante
728 1564 851 1625 mefites.

132 1649 184 1708 sed
206 1656 318 1710 tremor
339 1649 419 1710 inter
439 1649 506 1710 vina
528 1649 607 1711 subit
629 1650 814 1728 calidumque
837 1648 975 1709 trientem
1166 1657 1207 1709 100

132 1733 243 1794 excutit
265 1753 281 1796 e
304 1733 450 1808 manibus,
474 1734 579 1796 dentes
601 1753 745 1814 crepuere
767 1734 880 1812 retecti,

131 1828 220 1880 uncta
243 1820 354 1881 cadunt
375 1819 447 1881 laxis
469 1828 543 1881 tunc
564 1819 761 1900 pulmentaria
784 1817 883 1879 labris.

217 1993 256 2050 86
280 2001 327 2049 aut
347 1991 461 2048 multum
482 1991 552 2047 ridet
566 1999 612 2047 aut
626 1990 741 2047 multum
757 1991 899 2047 cachinnos
914 1990 1062 2064 ingeminat
1076 1999 1123 2047 aut
1136 1991 1207 2048 mul·

130 2085 187 2132 tum
203 2075 332 2132 tremulos
347 2083 396 2132 aut
408 2075 523 2132 multum
538 2092 603 2132 naso
619 2076 760 2149 crispante.
849 2078 888 2135 89
910 2077 998 2132 sodes.
1041 2084 1089 2132 aut
1110 2076 1208 2133 sodalis

130 2169 176 2216 aut
187 2160 311 2233 antiquae
322 2159 496 2216 affectationis
508 2170 557 2224 est,
571 2161 637 2218 adeo
649 2171 680 2218 ut
691 2161 781 2218 soluto
794 2178 825 2218 eo
838 2161 945 2236 quidam
955 2161 997 2218 usi
1008 2161 1071 2226 sint,
1088 2162 1207 2219 utPlau-

129 2253 173 2301 tus
204 2246 251 2318 qui
278 2262 327 2319 per
354 2245 546 2303 resolutionem
576 2245 614 2302 sio
642 2247 678 2302 ait
699 2245 769 2320 [aul.
796 2246 865 2320 170]
882 2240 943 2302 ‘dic
969 2246 1041 2311 mihi,
1072 2247 1095 2302 si
1116 2248 1206 2313 audes,

130 2346 200 2403 quae
221 2339 263 2387 est
284 2347 316 2387 ea
337 2347 417 2405 quam
438 2330 477 2387 vis
501 2331 600 2388 ducere
619 2327 763 2388 uxoram‘l'
843 2332 883 2391 92
907 2332 940 2388 de
961 2331 1045 2389 nobili
1066 2331 1207 2406 apotheca.

127 2416 240 2488 lagoena
262 2433 318 2474 non
335 2415 412 2474 valde
426 2416 514 2491 plena,
539 2432 607 2491 quae
629 2434 685 2474 non
705 2417 846 2491 impleatur
867 2417 917 2472 nisi
940 2434 1026 2491 usque
1048 2417 1081 2472 ad
1098 2417 1206 2475 collum.

128 2502 169 2559 vel
203 2502 277 2576 quod
309 2510 440 2560 vetustate
467 2502 633 2577 decoquatur
661 2519 692 2558 ac
722 2520 771 2576 per
799 2503 850 2559 boc
877 2519 936 2559 sese
957 2511 1093 2576 tamquam
1114 2503 1206 2560 sitiens

128 2586 226 2644 ebibat.
335 2591 374 2648 93
404 2588 567 2645 Surrentum
601 2587 728 2661 oppidum
757 2587 913 2663 Campaniae
943 2588 1016 2661 quod
1045 2589 1116 2644 hona
1146 2589 1205 2644 vina

130 2673 220 2728 mittit.
264 2671 291 2727 id
320 2683 362 2728 est
390 2673 474 2731 electa
503 2674 572 2731 lenia
600 2675 661 2730 vina
688 2674 861 2738 Surrentina,
893 2690 954 2728 cnm
975 2673 1030 2729 sint
1051 2672 1205 2730 fortissima.

128 2756 201 2813 unde
233 2765 261 2812 et
289 2756 416 2815 Horatius
449 2757 514 2831 [sat.
537 2759 565 2823 2,
590 2761 618 2823 4,
644 2757 695 2832 55]
723 2752 897 2815 ‘Surrentina
929 2757 1000 2814 valer
1035 2759 1081 2833 qui
1114 2758 1207 2816 miscet

129 2840 204 2897 laece
226 2836 357 2896 llalerna.²
437 2845 477 2902 94
500 2843 709 2900 introducuntur
731 2860 844 2899 monens
867 2852 893 2900 at
914 2843 1032 2900 monitus
1053 2842 1205 2916 loquentes,

128 2942 245 3000 quorum
274 2925 375 2981 alterna
403 2927 544 3000 responsio
573 2936 624 2984 est.
711 2930 749 2987 95
774 2927 926 3002 hydropicis
955 2928 1043 2986 luteus
1066 2928 1143 2986 color
1166 2937 1207 2985 est

127 3011 155 3067 id
188 3020 229 3068 est
260 3010 435 3068 suhcroceus.
523 3014 562 3071 96
591 3022 718 3085 aegrotus
752 3014 928 3073 excandescit.
972 3021 1003 3070 ut
1035 3013 1086 3070 dici
1118 3014 1203 3071 solet:

127 3097 191 3171 quid
213 3113 256 3153 me
278 3094 393 3153 mones‘l
415 3114 465 3170 ego
487 3097 663 3171 iampridem
685 3105 802 3156 tutorem
824 3116 911 3155 meum
927 3097 1019 3155 extuli.
1087 3100 1205 3158 993111-

128 3184 217 3239 fureas
246 3181 349 3240 mefites
370 3199 385 3238 a
407 3182 468 3240 loco
490 3182 573 3239 fetido
597 3183 662 3240 dixit
690 3185 785 3257 quiin
807 3183 881 3241 ltalia
902 3184 1017 3259 graviter
1039 3184 1133 3259 spirat.
1176 3190 1206 3240 ut

127 3268 259 3342 Vergilius
282 3265 362 3343 [Aeo.
381 3273 409 3334 7.
427 3267 478 3343 84]
495 3262 669 3343 ‘saevamque
696 3268 800 3326 exhalat
822 3286 903 3343 opaca
925 3263 1046 3325 melitin'.
1090 3286 1140 3344 per
1160 3270 1205 3326 in-

117 3353 304 3428 digestionem
337 3355 451 3411 vomitus
479 3353 600 3411 sulfurei.
733 3359 791 3413 100
815 3355 878 3411 dicit
909 3354 1018 3411 calicem
1046 3354 1127 3412 talem
1159 3353 1205 3429 qui

129 3439 231 3495 tertiam
252 3449 356 3514 partem
377 3439 482 3498 sextarii
505 3441 584 3514 capit.
629 3449 675 3496 aut
697 3450 751 3497 tres
777 3440 897 3497 heminas
919 3440 1074 3514 capientem.

213 3622 243 3672 91
264 3620 375 3673 uidetP
458 3624 490 3675 92
509 3622 602 3674 silente
620 3622 798 3688 Psicientep
868 3622 927 3688 lago
945 3627 1046 3674 aenaa
1117 3620 1206 3675 9310-

127 3704 188 3740 curo
208 3693 232 3738 α
250 3688 333 3740 laturo
360 3706 395 3741 ecc
417 3689 510 3743 lut-P
591 3690 695 3773 rogabis
713 3697 737 3740 α
759 3690 902 3756 rogauitl’
924 3705 1028 3754 comp
1125 3692 1159 3742 94
1177 3694 1204 3741 tu

127 3772 176 3808 om.
197 3763 221 3806 α
290 3756 390 3823 pallens
406 3761 431 3810 P
445 3759 527 3825 palles
542 3776 561 3825 p
579 3763 642 3810 itam
658 3761 689 3810 in
705 3774 788 3809 uersu
806 3760 839 3812 96
916 3758 985 3810 istud
1004 3765 1028 3808 α
1111 3760 1143 3812 at
1163 3772 1203 3809 se-

127 3825 188 3892 pelii
208 3832 232 3875 α
249 3825 384 3891 sepellitur
401 3826 463 3878 istas
479 3829 505 3878 Ρ
519 3828 620 3894 sepellii
645 3831 672 3879 tu
695 3831 777 3879 restas
793 3843 811 3895 p
899 3829 932 3880 98
950 3827 1059 3878 bebatur
1083 3827 1108 3878 A
1132 3825 1204 3877 loba-

127 3893 209 3946 turB
295 3896 327 3947 99
345 3894 499 3961 pulphereas
518 3903 542 3946 α
628 3895 739 3948 exilante
758 3902 782 3947 α
872 3895 944 3949 100
938 3910 964 3946 ιιι
988 3901 1054 3947 terra
1079 3894 1160 3946 subiit
1178 3900 1202 3945 α

213 3962 351 4026 triental&
421 3966 467 4015 101
487 3962 587 4016 Excidit
606 3971 630 4014 α
