2528 4364
117 224 177 285 100
569 225 743 280 lVVllNALlS

114 399 194 458 unde
217 398 304 458 litut
327 399 424 459 malim
447 398 624 459 fraterculus
647 417 710 460 esse
733 399 870 477 gigantis.

115 483 228 562 profuit
251 501 322 561 ergo
346 484 419 543 nibil
443 484 560 556 misero,
584 485 663 562 qnod
687 485 856 546 comminus
880 505 965 548 ursos

115 568 223 645 figebat
246 567 385 630 Numidas
406 568 518 629 Albana
543 570 643 630 nudus
664 569 774 629 harena

115 661 247 713 venator.
293 653 359 731 quis
381 654 459 714 enim
484 654 540 714 iam
565 673 627 714 non
649 654 801 733 intellegat
823 663 901 716 artes

115 735 274 816 patricias?
296 738 363 816 quis
385 739 515 817 priscum
538 738 610 799 illud
631 739 759 799 miratur
780 758 917 813 acumen,

116 822 217 894 Brute,
240 820 347 882 tuum?
371 824 454 884 facile
477 835 522 884 est
544 823 668 884 barbato
691 824 838 903 inponere
861 826 934 905 regi.

116 926 172 967 neo
194 907 299 968 melior
321 908 403 967 vultu
426 909 559 986 quamvis
581 908 719 986 ignobilis
740 909 802 970 ibat

115 992 255 1065 Rubrius,
280 993 410 1053 ollensae
432 994 540 1054 veteris
562 1011 631 1054 reus
653 1001 740 1073 atque
763 996 915 1068 tacendae,

116 1085 145 1138 et
166 1087 265 1137 tamen
288 1077 445 1157 inprobior
468 1088 596 1139 saturam
620 1079 769 1140 scribente
792 1081 926 1141 cinaedo.

115 1162 250 1222 Montani
273 1181 392 1241 quoque
414 1172 519 1223 venter
541 1163 623 1224 adest
644 1162 802 1225 abdomine
824 1165 936 1239 tardus,

116 1256 145 1306 et
166 1247 312 1307 matutino
334 1247 445 1308 sudans
467 1248 621 1326 Crispinus
643 1267 758 1308 amomo

116 1340 263 1409 quantum
287 1332 333 1392 vix
356 1334 493 1394 redolent
514 1334 573 1393 duo
596 1334 710 1408 funera,
735 1336 849 1395 saevior
872 1336 922 1397 illo

115 1417 276 1496 Pompeius
298 1419 381 1478 tenni
403 1419 520 1497 iugulos
543 1419 658 1496 aperire
680 1437 814 1490 susurro,

117 1503 220 1580 etqui
242 1501 409 1564 vulturibus
432 1504 565 1564 servabat
587 1504 699 1564 viscera
723 1504 808 1566 Dacis

120 1586 232 1648 Fuscus
254 1606 419 1649 marmorea
443 1588 600 1649 meditatus
624 1589 736 1668 proelia
759 1589 835 1661 villa,

117 1681 237 1733 etcum
262 1673 415 1734 mortifero
438 1674 571 1752 prudens
593 1673 717 1735 Veiento
741 1672 863 1744 Catullo,

117 1757 167 1835 qui
192 1776 354 1836 numquam
376 1760 453 1820 visae
475 1758 618 1837 flagrabat
639 1776 741 1819 amore
764 1758 888 1838 puellae,

117 1844 229 1921 grande
245 1852 275 1904 et
290 1845 486 1924 conspicuum
502 1853 607 1905 nostro
622 1862 743 1923 quoque
757 1853 893 1922 tempore
909 1850 1085 1913 monstrum,
1150 1849 1195 1901 111

116 1945 222 1989 caecus
245 1928 378 1990 adulator
400 1929 541 2007 dirusque
564 1947 580 1988 a
602 1937 695 2007 ponte
717 1929 842 2001 satelles,

116 2012 224 2091 dignus
246 2013 383 2075 Aricinos
406 2013 456 2091 qui
478 2013 661 2074 mendicaret
684 2014 718 2074 ad
742 2033 812 2075 axes

205 2186 243 2243 98
267 2184 294 2240 id
316 2193 358 2240 est
377 2185 514 2258 ignobilis.
603 2189 661 2243 100
685 2195 713 2243 et
733 2187 784 2243 iste
797 2185 901 2242 iuvenis
916 2183 943 2239 in
956 2183 1061 2240 lusorio
1077 2182 1198 2239 Caesaris

119 2286 198 2327 ursos
219 2286 299 2342 saepe
321 2270 396 2343 quasi
418 2280 529 2327 venator
551 2271 658 2328 oceidit.
747 2274 806 2329 103
824 2268 967 2344 Tarquinio
983 2266 1111 2342 superbo.
1126 2285 1197 2342 pro-

118 2372 213 2429 pexam
236 2355 306 2412 enim
327 2354 436 2411 barbam
460 2354 561 2420 babuit,
584 2373 646 2412 cuni
668 2372 746 2413 socer
768 2356 825 2412 eius
847 2354 954 2411 Servius
971 2353 1073 2410 Tullius
1096 2353 1198 2410 adton-

118 2457 174 2496 sam
203 2440 327 2504 baberet,
359 2458 439 2514 quem
468 2440 525 2515 ipse
554 2441 659 2498 occidit.
689 2441 751 2497 dicit
779 2457 845 2514 ergo
874 2438 1013 2497 cinaedum
1041 2454 1097 2494 non
1119 2436 1199 2494 lacile

118 2543 198 2601 posse
220 2524 286 2583 lalli.
377 2529 434 2585 105
458 2527 508 2583 iste
530 2526 647 2583 Rubrius
670 2525 813 2599 aliqnando
833 2524 1011 2581 llomitiannm
1034 2523 1061 2579 in
1083 2523 1200 2598 pueritia

118 2621 292 2685 corruperat,
323 2618 351 2668 11
372 2610 514 2668 verebatur
536 2629 570 2668 ne
591 2628 642 2685 pro
663 2611 714 2668 hac
735 2611 859 2667 mercede
879 2625 981 2684 poenas
1003 2608 1036 2665 ab
1062 2608 1121 2684 ipso
1149 2625 1198 2665 re-

118 2706 252 2768 posceret.
386 2698 442 2754 107
474 2713 535 2752 nam
558 2697 700 2753 llontanus
730 2697 838 2769 pinguis
866 2704 894 2752 et
914 2703 1058 2751 ventrosus
1080 2703 1147 2750 erat.
1172 2702 1200 2750 et

120 2778 216 2837 acerbe
237 2788 359 2836 ventrem
381 2782 472 2855 potius
494 2797 574 2854 quam
596 2782 684 2855 ipsum
705 2781 797 2838 venire
819 2781 893 2836 dixit.
996 2782 1054 2838 110
1078 2779 1125 2852 qui
1145 2777 1199 2835 levi

119 2880 232 2920 susurro
261 2873 369 2938 poterat
395 2865 461 2920 alios
491 2865 614 2922 deferens
643 2867 676 2922 ad
704 2882 797 2922 necem
826 2866 941 2922 tradere.
970 2873 1019 2922 aut
1045 2880 1094 2939 per
1125 2863 1198 2920 leves

119 2949 286 3022 suspiciones
307 2948 403 3006 solitus
425 2950 459 3006 sit
480 2950 601 3014 homines
623 2950 753 3024 iugulare.
864 2951 923 3008 112
945 2949 1048 3006 llnscus
1070 2947 1121 3005 sub
1143 2949 1199 3004 llo·

120 3034 228 3091 mitiano
251 3034 379 3091 exercitui
400 3034 569 3109 praepositus
591 3035 618 3090 in
635 3038 710 3092 Dacia
730 3035 818 3110 periit.
841 3043 918 3091 notat
938 3042 1112 3099 autemeam,
1136 3033 1198 3106 quia

120 3136 181 3176 carm
193 3120 298 3177 luxuria
310 3118 454 3186 difflueret,
467 3121 537 3177 inter
549 3119 655 3177 delicias
665 3119 799 3178 bellorum
811 3129 886 3178 aetus
898 3119 1050 3177 exercebat.
1066 3188 1070 3193 p
1114 3134 1199 3192 prae-

119 3205 171 3261 mia
193 3205 264 3262 villa.
286 3205 314 3261 in
336 3222 385 3262 sua
407 3205 476 3262 villa.
500 3204 586 3279 qualis
608 3204 652 3262 ille
673 3205 797 3271 bellator,
821 3206 867 3280 qui
883 3205 908 3260 in
925 3205 974 3262 bac
987 3203 1093 3261 luxuria
1107 3202 1200 3259 bello-

120 3308 180 3347 rum
208 3289 288 3348 lortia
317 3290 505 3348 meditabatur.
597 3293 654 3350 113
684 3299 777 3348 utrum
805 3291 837 3346 ad
866 3291 1018 3347 nocendum
1040 3305 1076 3346 an
1096 3286 1129 3343 ab
1152 3304 1199 3343 sa·

119 3376 216 3448 pientia
239 3377 366 3451 rigidiora
388 3394 422 3433 an
443 3376 568 3433 adulandi
589 3377 692 3450 peritus
714 3386 741 3433 et
763 3373 937 3449 temporum?
1026 3375 1086 3433 114
1102 3389 1200 3430 caecus

119 3477 180 3516 nam
201 3461 375 3519 amatorluit
391 3461 521 3519 Catullus.
612 3464 669 3519 117
694 3462 740 3534 qui
762 3461 795 3517 ad
817 3469 923 3534 portam
938 3460 1072 3518 Aricinam
1093 3459 1150 3516 sive
1166 3457 1201 3516 ad

119 3544 215 3601 clivum
236 3548 400 3604 mendicaret
420 3548 490 3604 inter
511 3546 625 3603 ludaeos
647 3546 693 3620 qui
715 3546 748 3602 ad
762 3545 877 3602 Ariciam
900 3547 1061 3604 transierant
1080 3561 1113 3601 ex
1129 3541 1200 3601 urbe

119 3645 202 3684 1111111.

206 3779 237 3829 98
257 3776 389 3842 gigantum
407 3781 426 3842 ς
445 3779 601 3828 Priscianus
618 3794 647 3843 p.
666 3775 715 3830 101
848 3779 881 3830 99
900 3776 1008 3828 miseros
1026 3778 1093 3842 Ppr.

208 3845 257 3897 112
276 3843 370 3911 praelia
389 3862 424 3896 ee
442 3847 553 3910 praemia
572 3847 596 3896 P
672 3847 721 3899 113
741 3845 855 3898 uellento
872 3844 904 3896 id
921 3849 960 3895 eet
977 3844 1097 3897 Veliento
1114 3844 1138 3894 P
1154 3859 1200 3896 ne-

118 3912 190 3964 iento
205 3929 237 3978 p:
257 3915 320 3962 item
339 3915 388 3965 123
407 3913 520 3966 uellento
538 3913 680 3965 Puelento
696 3929 714 3980 p
734 3930 812 3965 masa
831 3913 838 3964 l
856 3916 958 3980 pedore,
973 3916 1124 3979 posteriore
1141 3928 1201 3964 nora

118 3986 221 4032 mutata
294 3981 343 4033 116
360 3979 453 4046 dignus
471 3983 515 4049 qui
533 3997 546 4033 a
566 3987 646 4048 ponte
664 3983 799 4048 Hauptiue
