2528 4364
119 174 161 230 54
602 171 708 224 rursu

117 363 182 406 sum
206 343 259 404 tibi
283 343 456 421 Mercurius,
480 344 566 404 venio
590 344 662 404 deus
684 344 743 403 huc
766 360 821 420 ego
843 351 877 403 ut
898 343 945 404 ille

140 429 261 508 ingitur.
298 448 335 489 an
359 427 480 490 renuis?
503 429 544 489 vis
566 438 599 488 tu
621 429 749 508 gaudere
771 425 903 489 relictis‘l
1203 469 1209 499 ,

130 513 195 574 dest
218 513 326 592 aliquid
349 503 498 575 summae?
538 514 632 574 minui
656 513 737 586 mihi,
761 514 812 573 sed
834 513 888 574 tibi
910 522 1004 574 totum
1028 522 1072 575 est

119 599 261 678 quidquid
279 599 376 660 idest.
415 599 464 659 ubi
481 599 526 671 sit,
542 600 612 677 luge
628 616 781 677 quaerere,
799 599 876 676 quod
893 598 964 658 mihi
982 599 1132 677 quondam
1165 611 1193 661 65

118 684 229 762 legarat
252 684 369 756 Tadius,
394 702 451 744 neu
476 684 551 744 dicta
571 677 665 762 tpone
688 692 820 760 paterna,

117 768 246 830 faenoris
269 769 388 830 accedat
410 786 534 842 merces,
557 769 628 829 binc
652 769 746 828 exime
768 758 928 847 sumptus'.

114 846 198 932 ‘quid
221 854 346 932 reliqum
371 844 449 914 est‘l‘
475 850 624 932 reliqum?
647 870 728 914 nunc
752 871 833 913 nunc
855 852 1010 932 inpensius
1034 873 1145 933 ungue,

118 956 230 1016 ungue,
253 947 337 1017 puer,
360 938 468 999 caules.
506 938 576 998 mihi
598 939 672 998 festa
696 937 762 997 luce
784 946 929 1016 coquatur

118 1024 213 1083 urtica
236 1033 266 1083 et
288 1025 356 1084 fissa
378 1025 525 1084 fumosum
550 1023 680 1102 sinciput
702 1040 782 1096 aure,
1166 1035 1194 1084 tu

117 1118 151 1168 ut
173 1118 243 1169 tuus
265 1108 319 1168 iste
343 1126 437 1187 nepos
459 1108 528 1168 olim
553 1116 634 1168 satur
656 1107 768 1168 anseris
791 1107 875 1180 extis,

118 1210 185 1252 cum
209 1211 325 1253 morosa
349 1212 420 1271 vago
444 1193 597 1272 singultiet
619 1193 742 1271 inguine
764 1211 848 1264 vena,

116 1277 257 1355 patriciae
280 1278 401 1337 inmeiat
423 1276 547 1337 vulvae‘l
572 1278 643 1338 mihi
667 1287 760 1338 trama
783 1277 894 1354 figurae

117 1361 156 1422 sit
177 1362 298 1440 reliqua,
322 1372 366 1423 ast
388 1363 429 1422 illi
451 1371 558 1423 tremat
580 1370 701 1423 omento
724 1380 801 1441 popa
824 1359 949 1423 venter‘l

163 1447 256 1507 vende
279 1448 405 1507 animam
428 1448 520 1523 lucro,
544 1466 678 1509 mercare
699 1455 788 1525 atque
812 1454 917 1506 excute
940 1445 1043 1506 sollers
1164 1456 1192 1506 to

118 1549 207 1591 omne
230 1532 305 1593 latus
327 1533 439 1607 mundi,
465 1552 502 1594 ne
525 1534 562 1594 sit
584 1532 782 1612 praestantior
805 1531 879 1591 alter

118 1615 305 1695 Cappadocas
328 1617 421 1696 rigida
443 1618 564 1697 pinguis
586 1618 728 1697 plausisse
752 1626 870 1689 catasta,

113 1805 211 1880 quihus
239 1806 348 1863 iuvenes
377 1824 459 1863 cursu
488 1806 640 1870 certabant,
669 1814 697 1862 et
725 1806 771 1879 qui
793 1805 879 1860 victor
908 1812 966 1861 erat
986 1802 1088 1876 primus
1110 1801 1194 1860 lacem

113 1889 233 1958 tollebat,
257 1892 352 1948 deinde
373 1893 496 1966 sequenti
519 1890 641 1948 tradebat
664 1900 691 1947 et
713 1890 847 1946 secundus
862 1889 951 1954 tertio,
976 1888 1097 1945 similiter
1110 1888 1193 1945 facie·

114 1977 179 2032 bant
207 1993 299 2032 omnes
330 1986 356 2032 et
385 1977 434 2031 sibi
462 1976 574 2033 invicem
596 1973 745 2039 tradebant,
769 1976 855 2031 donec
877 1991 1005 2031 numerus
1028 1974 1193 2033 currentium

114 2061 305 2133 compleretur.
408 2062 447 2117 62
470 2061 532 2134 quia
555 2078 615 2117 eum
638 2077 699 2116 oum
721 2059 818 2116 sacello
841 2060 921 2134 01000
943 2058 1072 2134 pecuniae
1094 2059 1192 2133 pinge-

114 2144 189 2199 bant.
294 2147 331 2203 63
356 2144 394 2200 vis
417 2145 494 2201 etiam
517 2153 548 2202 tu
570 2154 662 2218 gratus
686 2147 806 2219 accipere
829 2153 856 2201 et
877 2145 994 2218 gaudere
1016 2144 1048 2199 ad
1071 2160 1192 2218 eaquae

113 2227 162 2284 tibi
184 2225 311 2285 dimittc‘l
427 2232 462 2288 67
488 2239 603 2287 tractum
626 2239 666 2287 est
686 2231 740 2288 hoc
761 2247 775 2285 a
797 2229 926 2303 patribus,
950 2230 996 2303 qui
1019 2229 1111 2285 dicunt
1132 2229 1192 2285 tiliis

114 2313 186 2369 snis:
208 2313 261 2370 boe
284 2313 358 2387 quod
378 2313 454 2370 vobis
476 2315 545 2372 lucri
568 2317 601 2372 de
622 2316 732 2372 faenore
747 2316 868 2379 accessit,
891 2314 924 2370 ad
938 2331 1018 2370 usum
1033 2315 1101 2370 vitae
1116 2313 1191 2370 vobis

112 2397 243 2473 proficiat,
268 2400 400 2473 reliquum
423 2417 486 2457 vero
509 2402 638 2475 pecuniae
659 2408 793 2458 reservate
813 2401 959 2472 integrum.
1026 2402 1063 2457 69
1087 2415 1121 2455 00
1140 2415 1190 2473 ego

112 2483 181 2540 lame
208 2484 308 2540 moriar
336 2493 364 2542 et
390 2485 464 2542 lestis
493 2486 585 2543 diebus
612 2487 698 2542 urtica
723 2502 830 2556 vescar,
860 2494 887 2541 et
914 2484 1030 2558 sinciput
1055 2483 1192 2541 fumosum

114 2569 186 2642 quod
215 2580 255 2627 est
283 2571 417 2627 dimidium
446 2580 528 2646 caput
549 2573 700 2646 porcinum,
723 2580 755 2627 ut
776 2573 839 2626 dum
861 2587 911 2643 ego
933 2586 1014 2643 parce
1035 2569 1104 2633 vivo,
1128 2578 1192 2626 tuus

113 2671 208 2727 nepos,
230 2654 257 2710 id
280 2664 321 2711 est
341 2663 405 2711 tuus
422 2655 491 2712 tilius
506 2656 626 2730 perditus
648 2657 713 2712 haee
735 2656 823 2712 omnia
846 2672 913 2728 quae
935 2672 1021 2719 servo,
1046 2655 1192 2728 impensius

112 2738 224 2793 vivendo
258 2738 413 2811 abligurriat
443 2750 470 2796 et
502 2751 576 2798 satur
609 2758 734 2797 anserum
766 2740 929 2797 iecinoribus
960 2740 988 2795 in
1020 2741 1190 2813 patriciarum

113 2820 238 2895 turpibus
267 2825 367 2896 stupris
396 2823 467 2880 bena
494 2842 552 2882 mea
575 2835 724 2890 consumat,
747 2842 808 2881 cum
830 2825 855 2880 in
880 2841 911 2881 00
934 2824 1017 2880 libido
1040 2822 1190 2881 exarserit?

201 2908 238 2963 73
261 2914 345 2962 trama
367 2907 477 2981 figurae.
499 2919 613 2967 tractum
635 2927 649 2965 a
672 2909 846 2967 muliebribus
869 2910 938 2974 talia,
962 2926 1032 2983 quae
1053 2910 1111 2966 sine
1133 2920 1191 2966 sta·

112 2991 183 3047 mine
211 2992 301 3048 inanes
324 2992 458 3050 videntur.
577 2998 616 3053 74
639 3012 710 3069 0000
734 3003 837 3052 venter.
860 2994 976 3069 pinguis.
1000 2995 1061 3068 quia
1084 3011 1191 3069 popana

111 3093 211 3150 genera
232 3085 297 3133 sunt
318 3077 403 3151 panis,
427 3078 525 3152 quibus
547 3080 699 3137 sacerdotes
722 3090 859 3137 eteorum
875 3080 987 3136 ministri
1002 3079 1190 3146 vescebantur,

112 3161 208 3235 quibus
231 3162 336 3218 assidue
358 3163 425 3236 pasti
446 3165 560 3238 pingues
582 3165 691 3222 fiebant.
765 3169 802 3223 75
827 3165 951 3238 periculis
974 3164 1050 3222 obice
1072 3173 1100 3221 te
1120 3164 1190 3221 lueri

111 3263 199 3312 eausa,
223 3256 254 3304 ut
276 3247 436 3322 gladiatores
457 3249 568 3316 iaciunt,
593 3251 638 3324 qui
661 3249 750 3307 studio
771 3250 896 3306 lucrandi
917 3250 1016 3306 animas
1031 3267 1093 3306 snas
1108 3250 1190 3306 morti

111 3343 262 3406 opponunt.
368 3337 405 3391 77
429 3334 590 3408 gladiatores
613 3335 754 3410 significat.
841 3336 911 3409 apud
934 3335 1059 3409 antiquos
1081 3334 1190 3392 venales

196 3515 357 3566 621000οα
443 3515 481 3566 illi
500 3523 524 3566 α
605 3517 743 3568 6301οα
824 3515 927 3568 relictus
946 3523 970 3566 ot
1046 3515 1190 3568 64110011

109 3578 186 3630 Deest
204 3582 227 3629 Ρ
308 3585 340 3634 66
358 3583 456 3648 legerat
469 3586 492 3636 P
506 3586 630 3647 (0000000
647 3599 755 3634 ameum
773 3599 790 3633 a
808 3581 951 3649 Quondam)
971 3600 1040 3635 corr.
1054 3599 1075 3649 0
1147 3599 1189 3634 00-

111 3647 169 3698 dius
188 3655 211 3698 α
281 3665 385 3716 oppone
403 3656 453 3702 out
469 3667 565 3717 repone
584 3656 602 3716 ς
619 3653 666 3703 sed
683 3652 750 3703 dicta
767 3655 945 3718 imperalium
964 3657 1003 3703 est
1076 3652 1188 3704 680011-

109 3730 188 3782 quum
208 3723 232 3766 α
313 3732 397 3783 angue
415 3726 438 3769 α
457 3721 574 3786 0000οΡ
651 3723 683 3772 69
702 3723 827 3787 coquetur
845 3728 890 3786 otp
972 3723 1002 3772 71
1024 3724 1084 3771 tuus
1102 3720 1144 3772 hie
1164 3726 1187 3770 α

110 3783 203 3835 tusista
222 3786 246 3835 P
320 3788 353 3837 72
372 3800 452 3851 uagos
471 3787 581 3853 ingultet
598 3789 621 3839 P
705 3789 736 3839 73
755 3787 861 3839 inmelat
878 3782 1032 3839 P‘Pereius
1048 3788 1126 3839 mode
1145 3791 1188 3840 tn-

108 3850 188 3913 fim'to
205 3855 337 3905 matronae
355 3854 484 3906 immeiere
502 3848 609 3908 uuluae’
624 3855 950 3921 Ρο060061Κ17036
1020 3859 1053 3908 74
1071 3862 1189 3908 omento-

108 3925 234 3986 pauentnr
253 3928 276 3971 α
347 3924 379 3974 ’16
398 3924 482 3974 neP:
501 3930 590 3976 necet
661 3928 692 3977 77
713 3925 815 3990 0001000
834 3931 859 3974 α
927 3928 1039 3977 catastas
1058 3924 1123 3991 Ppr.
