2528 4364
88 159 129 219 24
572 159 676 212 PERSll

89 343 117 395 et
139 333 242 394 similis
265 351 367 414 regum
392 333 492 413 pueris
514 350 645 412 pappare
666 333 814 392 minutum

85 419 187 521 poscis
209 427 238 479 et
261 420 352 481 iratus
374 436 517 479 mammae
540 419 639 480 lallare
661 410 818 478 recusas‘l'

100 523 137 564 an
161 502 211 565 tali
233 507 365 566 studeam
387 494 535 565 calamoi'
558 496 754 565 ε3313331331
777 502 846 581 quid
869 503 940 564 istas

89 589 218 650 succinis
240 588 397 670 ambages?
420 589 472 649 tibi
494 589 615 649 luditur.
652 588 748 649 effluis
769 605 879 660 amens,

89 681 292 736 contemnere.
325 685 412 737 sonat
432 675 533 735 vitium
555 692 703 754 percussa,
725 672 853 751 maligne

89 760 250 839 respondet
271 761 354 822 viridi
378 779 438 821 non
462 767 545 819 cocta
568 758 662 819 fidelia
684 758 763 818 limo.

89 846 182 906 udum
204 854 234 906 et
256 846 344 907 molle
366 845 460 905 lutum
483 863 523 917 es,
547 862 628 905 nunc
651 862 733 904 nunc
755 844 960 922 properandus
981 851 1011 904 et
1033 843 1096 905 acri

89 931 247 1008 tingendus
269 932 334 993 sine
357 931 417 990 fine
440 937 514 990 rota.
550 929 601 990 sed
625 947 694 990 rure
716 938 841 1008 paterno

90 1015 209 1076 esttibi
232 1016 277 1076 far
298 1015 456 1088 modicum,
479 1031 587 1093 purum
611 1023 640 1075 et
661 1014 725 1076 sine
748 1013 814 1073 labe
836 1012 963 1074 salinum
984 1045 1027 1058 -
1138 1023 1166 1074 at

90 1101 160 1178 quid
182 1099 316 1162 metuas?
339 1135 380 1146 -
402 1099 568 1177 cultrixque
590 1100 649 1160 loci
671 1116 775 1160 secura
797 1098 904 1177 patella
926 1106 980 1159 est.

90 1185 147 1245 hoc
169 1183 260 1246 satisl
281 1204 318 1246 33
342 1186 444 1245 deceat
466 1185 638 1264 pulmonem
660 1202 798 1262 rumpere
819 1184 924 1258 ventis,

91 1357 179 1414 dicere
205 1357 293 1414 solent
315 1343 484 1413 ῐ13113131133
510 1357 537 1413 id
565 1367 606 1413 est
634 1367 680 1413 aut
704 1358 789 1413 dormi
811 1356 962 1419 33113313,
993 1357 1066 1429 quod
1090 1357 1166 1430 quasi

92 1441 288 1498 1331113133133
311 1441 417 1498 331331.
505 1444 544 1500 20
567 1459 581 1497 3
603 1459 664 1498 3333
686 1442 778 1499 3111313
801 1442 874 1516 quod
901 1441 967 1496 nihil
993 1440 1022 1496 in
1043 1458 1074 1498 33
1097 1458 1167 1498 333-

89 1527 165 1593 11331,
189 1528 413 1601 quemadmodum
435 1527 477 1583 hic
499 1526 599 1584 effusus
620 1545 670 1602 per
691 1527 754 1584 vitia
769 1526 834 1582 nihil
849 1526 993 1600 sapientiae
1008 1526 1035 1582 in
1051 1544 1081 1584 se
1097 1544 1165 1584 con·

90 1612 165 1670 11331.
210 1622 240 1669 31
263 1613 402 1670 Terentius
424 1613 452 1669 in
474 1612 603 1670 Eunucho
625 1612 708 1688 [105]
736 1601 846 1687 ‘plenus
868 1613 995 1668 rimarum
1016 1628 1093 1682 sum,
1116 1612 1167 1669 hac

89 1705 171 1772 atque
198 1697 259 1754 illac
288 1685 397 1755 ettuo'.
505 1700 543 1756 21
573 1706 755 1755 contemnere.
805 1698 870 1754 haec
897 1698 929 1754 ab
959 1697 1068 1753 Horatio
1098 1697 1166 1754 male

92 1783 220 1840 translata
240 1783 425 1859 intempestiva
447 1792 520 1839 sunt.
566 1782 691 1839 Horatius
714 1780 778 1856 [snt.
802 1783 831 1852 2,
848 1786 877 1854 3,
897 1781 945 1856 13]
965 1771 1045 1855 ‘quin
1067 1790 1099 1839 tu
1120 1783 1166 1839 in·

89 1870 184 1926 vidium
211 1869 316 1943 placare
338 1885 433 1943 paras,
461 1869 560 1925 virtute
595 1864 710 1923 33113131
737 1876 910 1924 contemnere
939 1853 1046 1923 miser³.
1139 1875 1167 1924 et

91 1962 171 2011 sonat
191 1955 285 2011 vitium
306 1953 390 2010 331133
413 1953 542 2025 dicimus,
564 1959 596 2008 31
620 1940 685 2008 ‘nee
711 1969 761 2008 vox
791 1950 924 2009 hominem
946 1946 1042 2008 sonat'
1065 1950 1163 2026 [Vere.

89 2035 162 2094 Aen.
182 2041 209 2108 1,
227 2036 311 2110 328]‚
333 2046 362 2094 et
381 2036 496 2108 maligne
517 2053 568 2110 pro
584 2038 680 2093 acriter
696 2037 747 2093 dici
764 2045 862 2110 potest.
921 2037 973 2093 hoc
988 2037 1066 2094 dicit:
1091 2054 1166 2112 quo·

90 2122 171 2178 modo
194 2139 315 2178 333333
339 2121 409 2178 hene
431 2131 537 2178 coetum
560 2137 616 2177 333
638 2130 745 2179 acutum
767 2139 864 2179 sonum
893 2122 982 2178 reddit
1009 2121 1052 2179 331
1080 2123 1167 2180 tinui-

91 2214 148 2264 tum
170 2216 197 2264 et
218 2207 308 2281 prodit
330 2206 423 2263 vitium
445 2223 534 2279 suum,
556 2207 593 2263 113
614 2216 641 2264 31
663 2208 743 2263 homo
766 2224 822 2264 333
838 2207 906 2264 bene
921 2206 1051 2281 sapientia
1065 2207 1166 2282 politus

90 2292 180 2349 vitium
204 2310 282 2350 suum
306 2300 450 2368 temptatus
477 2293 594 2349 ostendit
619 2300 646 2350 et
672 2303 783 2366 3333331
804 2293 890 2366 qualis
912 2292 1021 2349 iuturus
1050 2304 1108 2367 est,
1139 2293 1165 2349 id

90 2386 132 2436 est
152 2379 242 2438 miser.
285 2377 453 2452 allegoricos.
541 2378 768 2452 1133333333
797 2387 850 2434 tam
881 2379 963 2435 cruda
985 2395 1066 2451 quam
1088 2388 1166 2436 cocta

90 2480 150 2521 3333
173 2465 358 2539 explorantur.
424 2463 500 2521 viridi
520 2462 594 2520 limo.
618 2473 768 2521 33313333
791 2471 866 2520 33313
889 2463 931 2520 331
952 2464 1040 2520 adhuc
1063 2464 1164 2521 habens

89 2549 180 2607 limum
203 2551 231 2607 id
253 2559 295 2608 est
315 2550 445 2624 argillam.
488 2549 535 2606 sed
557 2549 667 2607 dubium
691 2558 782 2606 utrum
805 2548 976 2605 similitudine
997 2566 1064 2605 usus
1079 2550 1116 2606 sit
1131 2566 1164 2605 33

90 2632 226 2704 allegoria.
334 2637 373 2693 23
397 2636 481 2692 udum
509 2644 536 2691 et
560 2635 640 2692 molle
661 2634 758 2692 lutum.
801 2632 930 2708 figurate:
954 2633 1042 2690 adhuc
1064 2635 1163 2691 crudus

91 2735 120 2775 es
142 2725 168 2774 et
190 2719 294 2774 assidua
316 2720 504 2776 exercitatione
526 2718 697 2784 formandus,
729 2729 761 2776 ut
790 2717 880 2775 fictilia
903 2719 1068 2776 circumactu
1089 2730 1164 2776 rotae

89 2802 251 2860 formantur.
350 2804 389 2860 24
412 2803 460 2859 sed
481 2820 544 2861 rure
565 2813 689 2878 paterno.
731 2804 775 2861 hic
798 2803 1003 2878 anthypophora
1025 2822 1092 2862 usus
1115 2814 1164 2862 331.

90 2889 136 2944 sed
158 2887 263 2960 inquies
284 2904 344 2944 esse
365 2887 412 2944 tihi
433 2904 490 2944 rem
512 2887 669 2946 familiarem
690 2888 819 2946 mediatae
833 2887 994 2962 frugalitatis
1008 2888 1081 2948 13333
1096 2907 1164 2948 333-

90 2982 192 3031 tentam
214 2981 241 3029 et
263 2971 311 3029 tibi
332 2989 412 3047 posse
434 2971 574 3046 sufficere,
603 2973 706 3031 etiamsi
735 2974 823 3030 minus
845 2974 978 3049 proficias.
1022 2975 1063 3032 vel
1087 2977 1165 3032 etiam

89 3077 139 3135 per
160 3058 201 3115 lar
222 3057 357 3115 modicum
380 3066 407 3114 et
429 3057 542 3115 salinum
564 3076 595 3115 33
617 3059 760 3133 patellam.
789 3059 886 3133 quibus
914 3059 995 3116 rebus
1024 3060 1052 3115 in
1080 3062 1165 3118 33331-

89 3144 156 3202 ficiis
177 3144 289 3216 utimur,
310 3143 504 3218 metonymicos
527 3153 588 3199 3313
610 3153 637 3200 31
657 3161 719 3217 spes
741 3161 797 3200 non
819 3145 953 3219 improbas
976 3161 1005 3201 se
1021 3147 1163 3220 concipere

90 3231 162 3305 dicit,
185 3231 256 3286 unde
278 3227 399 3286 securior
420 3229 455 3285 sit
482 3238 510 3286 et
529 3229 618 3286 minus
641 3229 732 3286 timeat
751 3231 779 3286 in
801 3229 882 3287 rebus
904 3228 1116 3303 impetrabilihus
1138 3239 1165 3288 et

91 3332 159 3389 quae
183 3316 299 3373 tolerare
321 3315 457 3370 hominem
479 3314 550 3388 frugi
572 3315 686 3389 possint.
774 3316 813 3373 tt
830 3315 980 3390 cultrixque
996 3316 1057 3372 1331.
1103 3317 1165 3390 quia

91 3398 222 3457 delibatae
244 3401 325 3475 dapes
347 3400 374 3455 in
397 3416 426 3456 ea
449 3400 552 3474 positae
573 3400 607 3456 ad
621 3399 712 3456 focum
727 3399 862 3456 13333133.
949 3416 1043 3456 333333
1058 3401 1164 3474 3313113.

93 3501 144 3558 qua
167 3485 194 3540 in
217 3484 299 3541 rebus
321 3485 415 3542 divinis
437 3494 562 3542 utuntur.
606 3493 634 3542 31
655 3502 710 3540 333
732 3485 829 3558 3313113
843 3502 946 3557 333333,
968 3485 1015 3541 sed
1029 3486 1073 3542 ille
1090 3485 1166 3560 quasi

93 3585 205 3625 secums
226 3569 268 3626 vel
289 3571 347 3627 sine
369 3569 470 3628 debito.
558 3572 596 3628 27
620 3569 673 3627 hoc
694 3571 766 3627 satis.
810 3579 901 3644 331331
928 3579 955 3627 31
975 3556 1014 3627 313
1034 3571 1164 3646 intellegi,

94 3663 228 3728 tamquam
250 3661 279 3711 et
299 3656 379 3711 modo
401 3655 607 3730 anthypophora
629 3656 665 3712 311
686 3664 714 3712 31
734 3655 779 3712 1113
801 3655 887 3713 adhuc
909 3657 1079 3728 respondeat.

179 3856 209 3906 l'l
229 3852 327 3905 similes
344 3853 487 3920 remp
557 3857 589 3906 10
608 3853 693 3907 etfluis
712 3856 765 3905 αΡ
830 3855 1004 3921 2233331311
1076 3857 1108 3908 23
1127 3857 1164 3918 33]

91 3925 131 3973 331
148 3921 199 3972 BP
284 3923 317 3973 24
336 3936 398 3988 rupe
416 3926 525 3988 paturno
545 3929 568 3973 α
655 3922 798 3974 1313331
868 3924 956 3973 331Ρ;
976 3929 1070 3978 ema
