2528 4364
112 218 145 272 vr
169 195 172 201 ’
558 216 743 271 emnrarro

113 393 200 455 etiam
229 392 279 453 ubi
309 410 344 452 ex
372 391 552 453 scholiorum
580 390 875 471 interpretationibus
902 391 938 453 de
966 391 1099 471 ipsorum
1127 389 1194 452 lec·

111 494 244 557 tionibus
272 494 341 557 satis
369 502 447 554 certa
478 494 625 555 sententia
656 495 729 555 terri
757 494 858 574 possit.
910 494 1078 556 coniunctis
1106 492 1194 555 hisce

112 598 205 676 copiis
227 597 297 676 quid
319 615 355 658 ex
377 596 510 675 exemplo
532 614 586 658 suo
609 604 659 656 aut
681 613 748 657 cum
770 594 828 656 fide
849 604 899 656 aut
921 596 1008 675 paulo
1025 595 1193 675 neglegen-

111 699 172 761 tius
198 698 307 760 codicis
337 696 364 757 P
389 697 528 759 librarius
561 699 796 779 transscripserit
830 697 1005 777 plerumque
1039 697 1193 777 explorari

111 809 218 880 potest.
262 801 361 879 itaque
383 799 564 878 ubicumque
592 800 680 861 certis
702 799 868 862 rationibus
898 799 934 861 de
962 799 1089 861 lectione
1111 818 1193 861 con-

112 902 222 976 stabat,
251 902 347 965 missis
376 901 548 980 ambagibus
575 901 721 963 Pnotam
744 902 871 963 adhibui.
915 902 1045 964 eiusdem
1069 902 1193 982 generis

112 1005 213 1066 codice
235 1023 307 1066 usus
330 1014 375 1066 est
397 1004 541 1082 Georgius
563 1004 642 1064 Valla
664 1004 854 1066 Placentinus
876 1004 906 1064 in
930 1003 1074 1076 editione,
1098 1021 1191 1081 quam

113 1106 241 1167 Venetiis
264 1124 289 1166 a.
315 1107 396 1170 1486
419 1105 530 1184 publici
552 1105 624 1167 iaris
647 1106 733 1181 lecit,
764 1105 814 1165 ubi
837 1105 927 1166 Probi
951 1104 1131 1185 grammatici
1157 1105 1191 1166 in

109 1208 277 1269 Iuvenalem
293 1208 521 1269 commentarios
535 1208 591 1269 sibi
608 1215 776 1288 compertos
798 1227 862 1269 esse
884 1209 954 1269 dicit
976 1208 1067 1269 mirae
1089 1206 1193 1268 brevi·

110 1311 187 1384 tatis,
211 1310 320 1372 codicis
344 1310 466 1371 nimium
490 1310 602 1371 cariosa
624 1319 768 1371 vetustate
790 1309 963 1389 depravatos
985 1319 1014 1370 et
1034 1309 1081 1370 vix
1107 1310 1192 1370 tertii

110 1411 178 1472 libri
199 1412 359 1474 secundam
387 1421 515 1473 saturam
538 1411 616 1489 (Vlll
640 1413 712 1488 198)
741 1411 930 1490 attingentes.
975 1429 1042 1472 nam
1071 1428 1190 1489 quaec

109 1512 199 1574 Probi
227 1513 496 1593 interpretamentis
525 1523 575 1575 aut
602 1514 691 1594 plene
719 1513 874 1593 descripsit
901 1522 952 1574 aut
979 1513 1099 1592 paulum
1130 1511 1189 1573 irn-

109 1616 229 1677 mutatis
251 1617 348 1678 verbis
378 1636 431 1678 suo
461 1617 672 1678 commentario
702 1617 878 1689 immiscuit,
907 1635 942 1677 ea
969 1634 1038 1676 curn
1066 1614 1191 1677 scholiis

110 1716 137 1777 P
156 1717 195 1779 ita
218 1720 402 1799 conspirant,
426 1727 459 1779 ut
480 1738 495 1780 e
518 1720 620 1780 codice
643 1719 742 1790 simili,
765 1720 816 1779 sed
830 1718 991 1797 integriore
1006 1725 1036 1777 et
1050 1716 1189 1795 pleniore

109 1817 235 1881 derivata
258 1839 322 1882 esse
337 1830 443 1900 pateat.
478 1821 558 1881 unde
574 1821 598 1881 si
614 1820 753 1897 colligere
770 1819 848 1893 licet,
872 1820 957 1879 etiam
973 1827 1078 1898 poetae
1096 1817 1190 1879 verba

109 1921 269 1999 epuriore
299 1941 386 2000 quam
411 1922 437 1982 P
463 1930 507 1982 est
535 1922 618 1982 fonte
649 1921 772 1981 deducta
804 1921 834 1980 in
858 1921 954 1982 Vallae
981 1920 1082 1981 codiee
1112 1920 1189 1980 exti-

107 2020 193 2093 tisse,
222 2023 268 2082 vix
290 2023 385 2083 maius
408 2022 548 2082 damnum
571 2022 670 2082 critica
693 2022 723 2081 in
747 2020 885 2082 luvenale
908 2023 1072 2083 exercenda
1095 2040 1187 2100 quam

107 2121 164 2182 hoc
187 2124 287 2184 codice
310 2125 417 2186 amisso
440 2125 562 2203 accepit.
603 2124 680 2184 Valla
697 2123 787 2197 enim,
811 2124 861 2201 qui
884 2143 923 2186 ne
937 2125 1047 2186 scholia
1064 2122 1185 2203 quidem

108 2241 140 2284 ea
165 2243 252 2303 quam
275 2226 361 2288 hodie
384 2226 531 2288 desideres
554 2226 706 2306 diligentia
728 2227 877 2298 tractavit,
900 2227 930 2286 in
955 2237 1059 2306 poetae
1085 2225 1186 2289 verbis

106 2327 297 2388 recensendis
326 2327 435 2390 codicis
457 2328 503 2389 sui
525 2328 635 2389 nullam
663 2329 725 2388 fere
747 2328 893 2389 rationem
922 2327 1032 2390 habuit.
1078 2328 1186 2390 tertius

106 2427 236 2492 eiusdem
259 2430 378 2508 generis
400 2431 508 2505 codex,
536 2431 620 2492 cuius
643 2439 763 2491 tenuem
785 2439 902 2491 tantum
925 2431 1096 2491 memoriam
1118 2449 1185 2491 ser-

105 2543 199 2594 ratam
227 2531 386 2605 habemus,
417 2533 486 2592 olim
518 2533 547 2593 in
579 2533 748 2594 monasterii
777 2532 976 2613 sangallensis
1006 2532 1185 2592 bibliotheca

107 2634 309 2696 asservabatur
331 2635 365 2708 (ll
390 2636 473 2709 304),
496 2635 526 2695 in
549 2635 633 2696 cuius
651 2635 783 2715 catalogo
805 2654 820 2695 a
838 2634 943 2694 Kolbio
960 2653 985 2693 a.
1005 2637 1085 2698 1759
1109 2651 1185 2694 con-

106 2737 185 2797 fecto
208 2736 324 2796 saeculo
347 2737 409 2795 lere
431 2736 544 2797 decimo
567 2737 696 2815 scriptus
717 2736 884 2798 lucernalem
907 2754 970 2796 com
993 2740 1068 2796 motis
1089 2737 1184 2813 ferme

102 2842 249 2922 perpetuis
271 2846 300 2899 et
323 2836 417 2898 Persii
437 2837 532 2898 Flacci
552 2837 621 2899 Auli
647 2847 763 2916 satyros
789 2837 812 2898 Τ
812 2838 998 2899 hchcidomtm
1026 2838 1185 2902 continere

106 2942 241 3002 traditur.
280 2958 381 3000 verum
405 2940 454 2999 diu
477 2949 522 3000 est
543 2959 578 2999 ex
601 2958 660 3017 quo
684 2940 731 2999 hic
755 2941 847 3000 codex
870 2938 1079 2999 ebibliotheca
1101 2939 1183 3002 frau-

106 3046 143 3105 de
158 3044 253 3121 aliqua
269 3042 383 3103 ablatus
398 3051 452 3116 est,
476 3061 531 3103 nec
548 3042 598 3103 nbi
614 3041 766 3103 delitescat
780 3040 867 3102 hodie
883 3050 1008 3102 constat.
1047 3060 1113 3103 nam
1131 3048 1183 3122 qui

107 3145 264 3208 novissime
288 3145 351 3205 eius
367 3144 546 3205 mentionem
564 3145 633 3205 lecit
648 3143 690 3204 lo.
708 3144 798 3204 Henr.
816 3143 936 3205 Vossius
952 3145 1054 3222 (prael.
1071 3145 1182 3208 Tibulli

106 3268 135 3328 p.
150 3246 268 3309 XXVlll
283 3249 351 3326 sq.)‚
374 3247 398 3308 is
421 3265 481 3307 non
498 3246 629 3307 codicem
652 3246 824 3325 inspexisse,
847 3246 899 3308 sed
922 3247 1084 3328 catalogum
1109 3267 1183 3308 con-

107 3350 232 3410 suluisse
254 3347 404 3429 putandus
427 3348 491 3408 erit.
535 3348 604 3408 hnic
628 3357 725 3408 autem
747 3347 841 3408 codici
870 3366 938 3408 cum
962 3348 988 3408 P
1007 3349 1182 3410 convenisse

107 3461 225 3531 praeter
247 3451 463 3512 Thebaidorum
492 3451 522 3510 in
546 3450 638 3512 Persii
666 3450 750 3510 titulo
779 3451 937 3530 permiram
969 3470 1183 3512 commemora-

107 3553 218 3614 tionem
248 3554 356 3614 docent
384 3554 493 3615 scholia
522 3553 552 3613 in
582 3543 759 3613 lurenalem.
819 3572 915 3632 neque
945 3554 1024 3615 enim
1053 3553 1183 3616 dubitari

106 3663 213 3735 potest,
236 3655 308 3733 quin
332 3673 365 3714 ex
389 3657 444 3715 hoc
467 3654 544 3715 libro
567 3654 719 3734 deperdito
735 3655 803 3716 olim
827 3655 975 3734 descripta
996 3657 1055 3717 sint
1070 3655 1183 3717 scholia

106 3756 137 3817 in
161 3757 262 3817 codice
284 3755 510 3818 membranaceo
533 3775 608 3818 saec.
632 3756 672 3816 lll
695 3757 825 3818 eiusdem
848 3756 1043 3819 bibliothecae
1058 3757 1182 3836 Sangal-

106 3859 198 3920 lensis
220 3859 255 3936 (l)
279 3860 353 3936 476)
376 3859 545 3920 etiamnunc
568 3860 704 3920 extantia.
749 3877 782 3920 ea
805 3859 925 3920 scholiis
948 3859 975 3920 P
994 3861 1024 3921 in
1048 3859 1184 3923 maximis

104 3961 234 4023 minimis
262 3969 319 4021 tam
348 3961 452 4023 similia
481 3970 566 4036 sunt,
601 3971 635 4021 ut
668 3980 704 4022 ex
733 3963 836 4022 eodem
864 3963 948 4022 fonte
975 3971 1101 4043 utraque
1128 3960 1183 4025 de-
