2528 4364
538 204 672 259 SATVRA
688 206 720 260 lll
1127 206 1168 266 23

88 379 228 452 sufficiat,
252 377 354 457 quinta
377 377 448 437 dum
468 378 547 438 linea
569 379 702 456 tangitur
723 380 837 441 umbra.

91 484 132 526 en
155 463 226 542 quid
249 459 333 543 agis?
355 462 448 524 siccas
469 463 572 524 insana
596 464 727 525 canicula
749 484 860 528 messes
1153 478 1169 528 5

88 550 150 612 iam
172 548 283 610 dudum
306 548 408 626 coquit
429 557 458 609 et
480 549 579 628 patula
600 568 692 628 pecus
715 569 804 612 omne
825 551 881 613 sub
903 551 984 613 ulmo
1007 544 1064 614 cst'

89 654 173 697 unns
194 634 235 695 ait
256 633 406 695 comitum.
447 626 624 695 ‘verumne‘l
646 633 731 696 itan?
753 635 836 697 ocius
858 637 933 699 adsit

89 722 152 783 hnc
174 719 288 798 aliquis.
333 711 479 779 nemon‘l'
505 721 647 799 turgescit
668 720 759 782 vitrea
780 720 857 796 bilis,

89 806 201 879 findor,
225 813 258 865 ut
279 804 420 865 Arcadiae
443 806 580 884 pecuaria
602 806 709 866 rudere
732 808 844 868 credas.

90 891 152 952 iam
172 889 248 951 liber
270 898 300 951 et
321 889 425 969 positis
447 889 561 951 bicolor
581 890 754 953 membrana
776 893 887 973 capillis
1140 901 1170 952 to

90 977 185 1055 inque
206 993 314 1036 manus
336 975 452 1036 chartae
476 976 647 1054 nodosaque
668 977 749 1037 venit
770 977 915 1039 harundo.

89 1070 166 1123 tunc
188 1060 351 1139 querimur,
373 1078 489 1122 crassus
511 1061 623 1122 calamo
646 1062 726 1140 quod
749 1063 876 1142 pendeat
897 1081 993 1124 umor.

91 1147 178 1227 nigra
201 1146 251 1207 sed
274 1146 371 1206 inlusa
392 1146 523 1207 vanescit
544 1148 625 1226 sepia
647 1148 781 1227 lympha:

91 1232 200 1293 dilutas
222 1232 375 1310 querimur
396 1232 527 1310 geminet
549 1233 627 1311 quod
650 1234 746 1294 fistula
769 1243 875 1312 guttas.

87 1310 123 1378 ‘o
144 1317 236 1378 miser
256 1316 348 1395 inque
370 1316 432 1378 dies
453 1317 529 1378 ultra
552 1319 650 1391 miser,
673 1319 781 1379 hucine
804 1336 902 1379 rerum
1141 1327 1168 1377 15

88 1399 248 1463 venimus?
270 1419 296 1476 a,
319 1420 372 1463 cur
394 1420 455 1462 non
478 1403 578 1481 potius
600 1411 764 1482 teneroque
787 1404 925 1465 columbo

90 1591 184 1668 pulam
205 1591 311 1648 Falerni
332 1590 385 1645 vini
408 1590 550 1647 discutere.
595 1590 705 1647 Falerna
727 1592 801 1667 regio
824 1593 920 1648 dicitur
943 1591 1100 1666 Campaniae
1122 1591 1168 1650 ubi

88 1678 152 1733 rina
173 1677 274 1752 optimu
296 1684 454 1732 nascuntur.
542 1679 560 1733 4
583 1676 646 1731 dum
668 1675 763 1733 umbra
784 1676 863 1733 medii
886 1677 949 1750 stili,
972 1679 1018 1752 qui
1040 1678 1168 1734 1111111-

91 1762 167 1836 logio
189 1770 239 1826 est,
263 1762 382 1836 quintam
403 1760 499 1818 lineam
522 1761 649 1834 attigerit.
694 1779 724 1819 ac
746 1779 794 1835 per
815 1762 883 1826 hoo,
911 1779 997 1836 usque
1019 1762 1053 1818 ad
1074 1763 1169 1818 boram

92 1848 224 1922 quintam.
312 1850 329 1904 9
356 1848 481 1904 Arcadiae
503 1845 627 1921 pecuaria
649 1847 738 1903 asinos
761 1847 835 1919 dicit,
858 1847 904 1920 qui
925 1848 1040 1920 primum
1062 1848 1090 1903 iu
1114 1850 1168 1902 dr-

91 1934 166 1990 cadla
187 1932 242 1989 nati
263 1940 338 1989 sunt.
423 1931 528 1989 ruditus
550 1933 661 2007 proprie
683 1934 819 1989 asinorum
841 1941 892 1988 est.
982 1931 1168 2006 1111111311-

92 2029 135 2074 tas
157 2027 207 2074 est.
244 2027 290 2074 aut
312 2018 381 2074 enim
403 2017 508 2074 bicolor
522 2018 685 2091 membrana,
709 2019 770 2092 quia
789 2018 926 2093 quondam
941 2017 1050 2093 capillos
1065 2017 1167 2083 habuit,

92 2111 140 2160 aut
162 2120 230 2177 quac
252 2103 357 2159 bicolor
378 2102 447 2160 lacta
470 2113 521 2174 est,
544 2112 575 2160 ut
595 2105 687 2177 posuit
710 2104 830 2178 capillos.
868 2113 914 2160 ant
934 2105 1030 2161 merito
1053 2103 1168 2175 bicolor,

92 2189 167 2264 quod
189 2206 251 2264 pars
274 2205 376 2252 crocea,
400 2204 463 2265 pars
486 2187 614 2263 glutinata
635 2189 706 2262 apud
729 2190 853 2264 antiquos
876 2197 942 2246 erat.
1015 2189 1169 2248 membrana

92 2275 126 2332 dc
147 2273 263 2348 pellibus
286 2274 436 2330 animalium
466 2274 612 2348 antiquitus
640 2273 807 2332 scribebatur
835 2275 862 2330 in
891 2292 945 2331 una
971 2284 1066 2349 parte,
1095 2292 1169 2332 nunc

92 2375 156 2416 vero
178 2359 207 2414 in
228 2368 342 2433 utraque
364 2368 439 2433 parte
463 2360 562 2416 derasis
585 2368 690 2416 tantum
711 2360 781 2434 pilis.
819 2369 845 2415 et
867 2360 1016 2416 notandum
1039 2359 1167 2416 feminino

93 2461 193 2518 genere
213 2443 377 2501 membrana.
488 2447 524 2502 13
548 2444 622 2518 sepia
649 2461 700 2518 pro
731 2452 879 2500 atramento
907 2461 923 2498 a
952 2443 1043 2500 colore
1067 2444 1167 2516 posuit,

93 2530 213 2605 quamvis
236 2545 291 2586 non
314 2547 346 2586 ex
368 2546 406 2593 ea,
431 2538 461 2585 ut
483 2526 550 2591 Alrl,
574 2529 621 2585 sed
644 2546 676 2585 11
696 2527 808 2602 fuligine
830 2528 912 2584 ceteri
934 2527 1078 2584 conficiant
1095 2535 1168 2584 atra-

91 2623 223 2671 mentum.
268 2616 345 2688 nigra
367 2615 439 2688 sepia
462 2614 578 2670 vanescit
601 2631 632 2669 ex
653 2613 741 2669 inlusa
764 2613 886 2686 lympha,
910 2613 971 2686 qnia
994 2613 1067 2686 sepia
1087 2613 1167 2688 piscis

92 2699 130 2756 ita
151 2700 256 2774 nigrum
279 2700 358 2756 lrabet
379 2699 544 2773 sanguinem,
568 2709 599 2756 ut
621 2706 798 2755 atramentum
819 2698 883 2754 inde
905 2697 1071 2758 conficiatur.

183 2787 220 2842 14
243 2785 332 2843 fistula
353 2802 403 2859 pro
426 2783 528 2839 cannali
550 2784 651 2841 calamo
680 2783 771 2858 posuit
798 2783 937 2857 exquisite.
1028 2787 1064 2843 15
1088 2802 1168 2843 voces

92 2869 200 2926 mutilas
222 2870 340 2942 imitaris,
363 2881 393 2926 ut
416 2887 534 2944 pappare
556 2887 606 2944 pro
630 2870 769 2926 comedere
792 2868 834 2926 vel
855 2869 946 2926 lallare
967 2887 1018 2945 pro
1041 2871 1169 2927 dormire.

92 2971 155 3011 nam
187 2955 234 3030 qui
266 2954 389 3031 parvulas
422 2973 483 3012 aves
510 2957 650 3020 nutriunt,
685 2955 919 3012 commanducatos
951 2954 1025 3012 cibos
1059 2956 1168 3012 diducto

94 3056 187 3098 earnm
208 3049 299 3097 rostro
322 3041 455 3097 inserunt.
500 3041 552 3096 hoc
582 3058 681 3114 genere
710 3034 828 3097 nutrices
857 3041 935 3096 etiam
962 3041 1077 3097 infantes
1099 3040 1169 3096 deli-

93 3135 167 3183 catos
189 3125 335 3183 instruunt.
447 3128 484 3183 16
508 3124 647 3182 columbos
675 3125 770 3182 melius
798 3142 898 3200 pueros
926 3125 1083 3198 intellegere
1117 3133 1166 3190 est,

92 3227 162 3284 quos
185 3228 253 3285 quae
275 3211 400 3268 nutriunt
420 3211 586 3267 blandientes
609 3210 748 3267 columbos
771 3220 797 3267 ct
819 3210 910 3284 pullos
932 3222 960 3267 et
980 3226 1100 3283 passeres
1116 3226 1168 3264 vo-

92 3305 164 3352 cant.
207 3306 254 3352 aut
276 3315 325 3354 cur
345 3313 402 3352 non
417 3296 650 3353 commanducatos
666 3295 740 3352 cibos
757 3297 844 3370 poscis
860 3306 904 3351 aut
921 3312 970 3351 cur
985 3310 1040 3349 non
1056 3294 1168 3350 nutricis

92 3379 169 3436 iussu
184 3381 301 3438 dormire
315 3381 446 3456 plorando
462 3379 592 3439 recusas?
615 3399 684 3455 quac
699 3380 853 3445 infantibus,
877 3389 909 3436 ut
924 3377 1064 3443 dormiant,
1088 3395 1168 3456 saepe

178 3561 339 3623 4111111111
356 3579 370 3615 a
388 3565 453 3629 Ppr.
524 3561 619 3615 'lidan
639 3568 662 3611 α
681 3561 716 3613 ita
735 3575 783 3612 nec
800 3562 848 3612 aed
865 3575 1015 3625 emper-na,
1033 3559 1168 3622 cintae-ne

94 3628 290 3694 1111111111111
355 3633 495 3686 8nemoA
529 3629 669 3695 tigescitdt
739 3627 1017 3693 doridasPcredasg
1033 3629 1169 3697 Eutyches

95 3696 170 3749 ctis.
190 3700 220 3751 V
229 3714 256 3765 p.
275 3699 336 3752 471:
355 3701 425 3752 dicas
444 3707 467 3751 α
488 3699 602 3751 Seruius
620 3695 700 3762 Verg.
718 3712 813 3762 georg.
827 3698 870 3748 Il!
885 3697 937 3751 328
954 3696 1005 3749 3711
1023 3698 1089 3751 Aen.
1103 3698 1172 3750 VIII

92 3764 152 3829 248,
172 3764 207 3828 cf.
226 3768 331 3819 Ausona·
347 3772 432 3835 epigr.
451 3770 467 3820 5
484 3784 510 3833 p.
522 3766 574 3819 313
585 3767 685 3832 Peiper.
763 3766 794 3817 12
814 3767 942 3833 querimus
961 3772 986 3816 α
1004 3767 1133 3834 quaeritur
1150 3782 1167 3832 p

181 3837 212 3887 13
230 3837 346 3889 uanescit
358 3838 430 3901 P(id
441 3840 480 3886 eat
491 3835 512 3886 si
526 3834 651 3898 uanescit,
663 3833 816 3901 querimur):
836 3839 957 3887 uanescat
971 3841 994 3884 α
1065 3837 1097 3887 14
1106 3849 1169 3901 que·

91 3903 172 3956 rimus
191 3910 221 4023 1111
267 3921 353 4022 bquo
371 3907 395 3956 P
480 3903 703 3956 1111111111)
807 3903 1169 3965 11111111Ρ11111ς

178 3981 342 4038 mmcd
