2528 4364
505 207 638 262 SATVRA
655 208 675 261 ll

54 385 137 446 triste
160 385 237 445 iaces
259 382 333 443 lucis
355 381 582 460 evitandumque
605 381 744 454 bidental,

56 470 166 530 idcirco
189 470 322 530 stolidam
345 467 468 547 praebet
489 466 543 528 tibi
565 467 672 528 vellere
694 466 813 527 barbam

56 552 212 635 luppiter?
234 562 285 614 aut
308 553 448 631 quidnam
471 562 516 613 est
538 570 594 630 qua
616 560 649 613 tu
672 552 807 614 mercede
830 551 954 612 deorum

57 641 164 701 emeris
185 636 354 700 auriculas?
376 638 519 718 pulmone
541 646 572 698 et
593 636 721 699 lactibus
743 633 862 697 unctis?
1098 643 1130 695 ab

99 744 168 786 ecce
189 725 251 786 aria
272 732 323 785 aut
344 734 481 784 metuens
502 723 600 783 divum
622 731 777 782 matertera
799 720 885 782 cunis

59 811 166 873 exemit
186 827 322 890 puerum,
345 810 534 887 frontemque
556 818 645 887 atque
668 807 723 868 uda
746 806 848 868 labella

58 896 160 956 infami
182 896 273 975 digito
296 903 325 954 et
348 893 517 955 lustralibus
539 903 608 954 ante
630 892 726 954 salivis

57 982 163 1061 expiat,
186 980 300 1042 urentis
322 979 425 1041 oculos
448 978 583 1040 inhibere
605 979 717 1057 perita;

57 1077 130 1128 tunc
153 1065 290 1126 manibus
313 1065 407 1143 quatit
429 1073 458 1124 et
479 1082 562 1144 spem
585 1082 714 1124 macram
737 1060 871 1142 supplice
892 1069 961 1120 voto
1103 1067 1132 1118 tt

58 1171 139 1212 nunc
161 1151 256 1212 Licini
278 1151 308 1210 in
332 1169 459 1231 campos,
483 1168 564 1211 nunc
586 1149 683 1210 Crassi
705 1147 794 1208 mittit
815 1147 846 1207 in
870 1145 963 1207 aedis:

145 1341 182 1398 27
218 1337 336 1396 bidental
368 1338 464 1395 dicitur
490 1338 568 1397 locus
598 1337 717 1395 secundo
747 1352 891 1410 percussus
923 1334 1052 1400 fulmine,
1086 1331 1134 1406 qui

58 1425 167 1481 bidente
188 1422 220 1479 ab
242 1423 410 1497 aruspicibus
432 1433 620 1487 consecratur,
653 1439 732 1497 quem
755 1421 856 1479 calcare
878 1419 952 1477 nelas
974 1427 1025 1476 est.
1068 1435 1133 1493 ergo

59 1509 102 1564 bis
123 1508 213 1564 eadem
236 1509 269 1565 de
291 1507 364 1564 caelo
385 1516 470 1573 tacta,
503 1525 572 1582 quae
599 1509 696 1582 expiari
718 1524 774 1563 non
796 1515 911 1580 possunt
939 1504 990 1561 nisi
1016 1502 1133 1568 bidente,

61 1592 194 1657 bidenta13
217 1602 306 1650 cetera
328 1591 433 1666 fulgura
456 1592 591 1648 immolata
612 1592 733 1666 qualibet
752 1592 838 1648 hostia
858 1598 1049 1666 procurantur.

150 1679 187 1735 30
211 1676 293 1735 lactes
316 1685 381 1733 sunt
401 1676 462 1733 loca
484 1678 511 1733 in
532 1677 660 1734 lateribus
677 1676 727 1733 sub
745 1675 869 1733 umbilico
886 1676 1051 1750 pubetenus
1067 1675 1133 1732 adeo

62 1763 183 1828 delicata,
207 1774 237 1819 ut
259 1763 363 1837 plagam
386 1761 456 1819 ferre
478 1779 534 1819 non
557 1763 671 1836 possint.
714 1761 776 1818 inde
803 1771 844 1818 est
871 1761 946 1836 quod
972 1760 1135 1817 lactidiatum

61 1848 183 1918 dicimus,
206 1849 252 1922 qui
273 1847 342 1904 male
364 1848 399 1903 sit
420 1848 492 1905 calce
515 1864 668 1920 percussus.
710 1846 753 1903 vel
775 1856 847 1903 certe
867 1846 981 1904 lactibus
1003 1845 1135 1902 intestinis

60 1933 215 2007 pinguibus.
260 1932 302 1990 vel
323 1942 355 1990 ut
376 1932 420 1989 alii
441 1933 549 1999 dicunt,
578 1933 747 1989 membranae
775 1941 838 1988 sunt
866 1932 963 2006 quibus
991 1931 1137 1987 cohaerent

60 2020 130 2075 inter
152 2036 180 2075 se
201 2019 338 2076 intestina.
434 2021 471 2077 31
497 2027 562 2075 sunt
582 2019 654 2074 aviae
675 2017 805 2092 quaedam
828 2024 855 2074 et
875 2025 1043 2081 materterae,
1067 2033 1136 2090 quae

61 2103 149 2159 statim
170 2121 286 2179 puerum
307 2120 322 2160 a
344 2102 484 2160 cunabulis
506 2103 625 2160 solutum
647 2102 716 2159 votis
738 2103 794 2159 suis
817 2103 864 2159 diis
888 2101 1047 2160 caelestibus
1062 2118 1136 2159 com·

61 2189 202 2254 mendant,
231 2189 400 2263 postulantes
428 2189 453 2245 ei
482 2188 583 2246 divitias
610 2188 725 2244 formam
748 2187 818 2244 vires
846 2188 992 2262 eloquium.
1035 2187 1063 2243 in
1085 2187 1137 2244 hoc

61 2275 180 2347 petendo
195 2273 313 2331 ostendit
333 2283 396 2330 vota
416 2274 556 2331 hominum
577 2274 686 2330 nimium
710 2290 768 2331 csse
788 2273 950 2346 importuna.
1014 2281 1137 2330 metuens

63 2361 162 2423 divum,
185 2369 217 2416 ut
237 2359 378 2416 'larentius
401 2358 525 2433 [Pborm.
550 2357 621 2432 623]
641 2347 769 2432 ‘fugitans
791 2354 895 2414 litinm’
916 2358 943 2414 id
971 2366 1013 2414 est
1040 2359 1137 2414 timens

63 2443 134 2499 lites.
201 2443 294 2499 transit
308 2443 406 2500 iterum
427 2445 459 2500 ad
480 2461 561 2501 vanas
583 2444 787 2519 superstitiones
809 2442 960 2508 mulierum,
984 2459 1052 2516 quae
1074 2442 1138 2498 dum

64 2527 97 2582 ad
120 2528 293 2584 nutriendum
313 2527 427 2585 infantes
449 2529 613 2602 acceperint,
646 2546 693 2585 eos
715 2527 797 2602 digito
820 2528 906 2601 turpi,
928 2527 955 2583 id
978 2537 1019 2584 est
1040 2527 1137 2593 medio,

65 2611 108 2666 vel
130 2611 218 2667 salivis
241 2611 339 2685 expiari
359 2612 462 2670 fascino
489 2621 593 2688 putant.
703 2615 742 2672 33
766 2611 855 2668 infami
877 2613 958 2686 digito
981 2613 1018 2668 ait
1038 2612 1136 2679 medio,

66 2697 113 2768 qui
135 2695 320 2753 obscaenitatis
343 2706 392 2762 est,
415 2706 446 2754 ut
467 2699 504 2755 ait
524 2699 654 2756 luvenalis
677 2698 738 2773 [tu
764 2696 815 2771 52]
834 2687 908 2755 ‘cum
925 2698 1060 2754 llortunac
1080 2698 1139 2772 ipse

65 2781 162 2837 minaci
184 2784 327 2856 praeberet
354 2783 479 2857 laqueum
507 2784 676 2858 mediumque
705 2785 861 2840 ostenderet
888 2771 1032 2858 ungnem'.
1075 2794 1140 2841 sunt

65 2876 153 2923 autem
175 2867 283 2924 nomina
305 2867 449 2942 digitorum
470 2868 552 2927 baec:
581 2868 671 2942 pollex
698 2868 822 2927 salutaris
849 2862 955 2926 infamis
977 2869 1138 2927 medicinalis

64 2950 184 3008 ultimus.
270 2952 425 3011 lustralibus
446 2953 550 3018 salivis,
582 2955 746 3027 purgatoriis
773 2954 949 3012 liberantibus
971 2972 1085 3028 puerum
1107 2972 1139 3012 ex

64 3038 138 3094 omni
160 3037 246 3102 malo,
270 3040 345 3112 quod
365 3039 460 3096 dicunt
479 3039 619 3100 mulieres.
643 3039 755 3096 lasciuo.
854 3043 893 3099 34
917 3049 1034 3108 urentes,
1059 3039 1139 3095 iasci-

64 3131 169 3179 nantes.
239 3121 360 3181 inhibere
375 3125 467 3198 perita,
490 3125 518 3180 id
533 3132 575 3181 est
588 3123 732 3198 prohibere
754 3143 789 3183 ne
809 3125 950 3183 lascinent.
1038 3126 1077 3182 36
1092 3125 1139 3181 Li·

65 3207 150 3264 cinius
174 3208 283 3264 Crassus
305 3208 375 3265 inter
395 3210 529 3265 Romanos
551 3209 776 3283 locupletissimus
797 3211 862 3274 fuit,
893 3211 953 3267 ideo
976 3210 1047 3266 dives
1070 3225 1139 3284 cog-

64 3294 226 3349 nominatus.
269 3293 349 3350 huius
370 3310 435 3368 ergo
458 3293 559 3351 divitias
589 3303 666 3369 optat
693 3312 789 3369 puero.
833 3296 876 3352 alii
903 3295 999 3351 volunt
1019 3294 1140 3351 Licinum

65 3387 205 3434 tonsorem
228 3394 259 3434 ac
280 3377 405 3435 libertum
427 3381 542 3454 Augusti
557 3380 675 3437 Caesaris
694 3381 836 3454 significari
858 3380 1039 3454 praedivitem,
1063 3380 1140 3438 cuius

65 3471 269 3519 monumentum
292 3472 333 3520 est
354 3464 464 3537 pretiosi
485 3465 574 3538 operis
596 3465 637 3520 via
658 3464 756 3521 Salaria
785 3483 871 3540 prope
898 3464 992 3522 urbem
1015 3466 1048 3523 ad
1070 3466 1140 3541 lapi-

67 3547 128 3603 dem
142 3547 299 3603 secundnm.
344 3548 378 3606 dc
392 3549 444 3606 hoc
458 3550 566 3607 homine
581 3567 637 3606 non
652 3551 824 3608 invenustum
838 3550 964 3608 Varronis
980 3552 1140 3627 epigramma

66 3631 168 3688 fertur:
189 3621 353 3690 ‘marmoreo
375 3634 482 3691 Licinus
505 3635 609 3692 tumulo
631 3635 713 3701 iacet,
742 3647 769 3691 at
791 3636 855 3692 Cato
878 3652 974 3710 parvo,
997 3639 1140 3714 Pompeius

508 3709 515 3733 l

66 3717 156 3773 nullo:
181 3717 311 3775 credimus
334 3736 393 3776 esse
415 3717 502 3777 deos‘l
563 3719 773 3795 synecdochicos
788 3728 877 3778 autem
892 3723 970 3781 metri
984 3741 1063 3784 causa
1077 3725 1142 3784 lecit

153 3901 184 3952 tt
198 3899 294 3967 iacetp
363 3901 555 3966 uidentaler.
625 3903 658 3954 29
671 3901 899 3956 mercedeoruma
963 3908 996 3958 34
1008 3905 1103 3974 Expica
1128 3905 1141 3928 ¹

67 3966 218 4031 ExspicaB
286 3971 318 4021 36
332 3971 454 4036 quautA
471 3969 596 4036 quaritB
665 3971 698 4022 36
715 3970 761 4022 lini
780 3979 803 4023 α
872 3972 993 4024 bedistt

118 4065 160 4108 Ed.
174 4065 208 4108 111
937 4056 964 4105 ’λ
