2528 4364
123 191 162 250 70
612 190 785 244 lVVENhLlS

122 373 210 444 atque
234 363 437 442 triumphales,
460 362 537 422 inter
560 380 633 440 quas
656 380 743 423 ausus
765 362 874 424 babere

121 451 222 511 nescio
246 448 312 527 quis
334 448 435 508 titulos
457 447 617 526 Aegyptius
640 454 728 525 atque
751 448 942 522 Arabarches,
1156 464 1201 515 130

121 536 206 595 cuius
228 535 263 594 ad
287 534 413 612 effigiem
438 550 499 592 non
522 542 638 592 tantum
661 532 770 593 meiere
793 534 837 594 fas
859 542 912 594 est.

119 619 271 681 vestibulis
294 617 405 678 abeunt
426 625 541 678 veteres
563 617 690 696 lassique
714 617 836 678 clientes
1006 686 1011 695 ¹

0 697 26 755 ff·
67 700 70 710 ⁴
121 713 247 782 votaque
270 705 437 782 deponunt,
460 721 638 780 quamquam
660 703 832 781 longissima
855 721 946 763 cenae
1014 685 1217 816 ‘delphus

120 808 189 869 spes
212 788 341 862 homini;
366 787 457 848 caulis
479 786 594 848 miseris
617 796 705 866 atque
727 787 804 866 ignis
826 789 980 852 emendus.
1094 789 1096 792 ’

0 913 24 926 ,.
98 916 100 924 ,
119 875 228 954 optima
245 874 388 937 ‚silvarum
412 873 524 932 interea
546 872 702 951 pelagique
724 871 839 932 vorabit
1155 886 1198 937 135

7 988 14 1002 v
118 978 170 1038 rer
192 961 300 1037 horum
322 957 480 1034 vacuisque
502 958 575 1018 toris
598 966 714 1027 tantum
737 958 801 1037 ipse
824 957 1018 1018 11001110α
1039 939 1159 1003 “4¹⁴⁶-

119 1062 188 1104 nam
211 1045 247 1104 de
270 1051 315 1103 tot
336 1041 468 1122 pulchris
492 1050 521 1102 01
542 1043 607 1103 latis
630 1042 753 1104 orbibus
777 1049 887 1103 ettam

24 1170 89 1226 ὼ
118 1130 247 1207 antiquis
268 1147 328 1188 una
353 1127 512 1187 comedunt
534 1127 711 1205 patrimonia
735 1145 847 1188 mensa.
1086 1207 1091 1214 ι

13 1237 82 1271 sm
118 1214 218 1275 nullus
241 1214 296 1295 iam
320 1211 466 1291 parasitus
488 1212 552 1272 0111.
598 1212 648 1273 sed
673 1212 740 1291 quis
764 1212 932 1272 1011111111
967 1206 1216 1349 affluis..

0 1305 64 1355 v'.
116 1297 249 1358 luxuriae
271 1294 395 1371 sordes?
419 1305 529 1374 quanta
552 1305 595 1358 est
618 1297 685 1376 gula
709 1315 784 1375 quae
807 1297 863 1358 sibi
887 1305 965 1357 totos
1106 1298 1116 1309 ’
1152 1308 1197 1360 140

11 1387 19 1397 ‘
103 1383 204 1462 'ponit
226 1401 322 1461 apros
346 1381 453 1442 animal
476 1389 598 1461 propter
622 1382 754 1442 convivia
778 1380 903 1442 natum?

118 1486 217 1547 poena
239 1476 336 1527 tamen
361 1485 513 1546 praesens,
537 1484 604 1526 cum
626 1476 658 1527 tu
682 1466 807 1546 deponis
830 1466 954 1526 amictus
1083 1535 1087 1542 ¹

119 1553 255 1631 turgidus
278 1561 307 1613 et
329 1552 453 1631 crudqm
476 1571 621 1630 pavonem
644 1552 674 1612 in
698 1552 803 1612 balnea
826 1560 937 1630 portas.
961 1523 1186 1627 hff‘ff‘ffl

118 1638 190 1698 hinc
212 1638 325 1698 subitae
347 1647 459 1697 mortes
483 1646 570 1715 atque
593 1638 730 1698 intestata
752 1646 891 1697 senectus

118 1730 147 1782 et
169 1742 244 1782 nova
268 1741 323 1783 nec
345 1722 439 1783 tristis
460 1740 514 1801 per
536 1731 659 1783 cunctas
681 1720 778 1798 fabula
802 1739 905 1783 cenas:
934 1731 1099 1833 W·
1153 1731 1196 1782 140

116 1808 235 1868 ducitur
257 1808 339 1868 iratis
361 1808 560 1885 plaudendum
584 1808 674 1867 lunus
695 1806 806 1867 amicis.

14 1887 19 1897 '
159 1893 201 1953 nil
224 1893 280 1953 erit
302 1892 425 1952 ulterius
448 1893 527 1968 quod
552 1893 660 1952 nostris
683 1891 816 1972 moribus
838 1890 924 1950 addat
955 1895 1110 1978 mg
1129 1893 1212 1982 434..

1 2056 2 2062 ¹
5 2011 104 2066 a&
114 1978 283 2056 posteritas,
308 1975 409 2036 eadem
432 1976 541 2035 facient
564 1976 745 2055 cupientque
768 1976 908 2047 minores,

4 2068 104 2115 mad
117 2079 206 2121 omne
230 2062 260 2121 in
284 2060 439 2140 praecipiti
461 2060 563 2120 vitium
587 2061 677 2121 stetit.
723 2070 807 2121 utere
830 2060 908 2136 velis,

60 2166 73 2221 q
115 2153 194 2206 totos
216 2146 313 2225 pande
336 2144 429 2218 sinus.
474 2144 554 2206 dicas
576 2144 624 2205 hic
646 2146 772 2206 forsitan
792 2139 886 2205 ‘unde
1152 2154 1196 2205 110

115 2229 269 2309 ingenium
292 2248 348 2310 par
371 2228 646 2418 mfflifiiseiffi
656 2230 704 2290 illa
728 2230 862 2310 priorum

113 2445 156 2485 me
178 2430 294 2486 servavit
316 2416 434 2502 Apollo’.
569 2432 626 2487 129
650 2429 676 2486 id
700 2439 749 2493 est,
773 2431 827 2485 itur
844 2428 882 2484 ad
904 2436 1001 2491 rostra,
1025 2427 1073 2484 ubi
1094 2427 1193 2484 habere

58 2508 65 2521 '
114 2514 204 2571 solent
225 2514 399 2589 triumphales
421 2523 523 2572 statuas
545 2515 593 2570 viri
615 2516 704 2589 magni
726 2514 780 2571 sive
803 2513 954 2587 quadrigas.
1045 2515 1103 2572 130
1121 2516 1193 2571 Ara-

113 2597 233 2655 barches.
258 2599 370 2656 4111110
392 2600 526 2675 princeps.
661 2602 718 2659 133
749 2600 812 2657 dum
839 2598 932 2655 divites
955 2598 1030 2654 tarde
1051 2599 1192 2672 recedunt,

114 2682 226 2738 clientes
250 2692 402 2758 expectant.
433 2701 593 2759 quamquam
616 2686 692 2743 tarda
714 2685 749 2741 sit
777 2683 878 2740 homini
907 2700 968 2756 spes
996 2683 1117 2740 cenandi.
1147 2694 1195 2742 aut

113 2764 136 2821 si
158 2767 218 2838 quis
241 2776 313 2823 certe
336 2785 390 2823 non
413 2769 528 2825 multum
550 2769 647 2826 habeat
668 2770 695 2824 in
719 2770 799 2825 dome
829 2784 877 2824 sua
905 2768 978 2842 quod
1009 2778 1102 2834 cenet,
1136 2779 1192 2826 tum

114 2865 170 2905 non
192 2851 293 2922 patitur
315 2851 426 2907 divitum
447 2870 552 2910 mensas
575 2863 705 2927 spectare.
797 2856 854 2911 135
878 2853 911 2909 de
933 2854 1083 2910 venatione.
1107 2871 1192 2928 quare

115 2935 246 3008 optimum
270 2944 311 2991 est
332 2936 386 2992 hoe
408 2953 440 2991 ex
462 2936 603 2994 1110011010
625 2947 652 2995 01
680 2937 778 2993 invidia
806 2938 996 3011 parasitorum.
1130 2943 1189 3000 138

112 3020 211 3078 mensis
235 3020 339 3085 citreis,
370 3037 435 3094 quas
458 3021 605 3095 antiquitus
627 3023 653 3078 in
676 3039 772 3096 magno
795 3023 882 3096 pretio
912 3022 1054 3080 habebant.
1083 3032 1130 3082 aut
1159 3025 1193 3083 de

103 3105 205 3187 ebore.
339 3108 395 3163 141
421 3106 492 3179 apud
514 3106 639 3180 antiquos
661 3107 842 3164 munificentia
864 3106 1005 3165 videbatur
1027 3109 1190 3183 apparatior,

114 3192 136 3248 si
159 3192 185 3246 in
209 3191 331 3247 convivio
355 3191 492 3247 cuiusdam
514 3208 577 3264 aper
599 3191 704 3266 integer
733 3193 827 3249 luisset
854 3192 996 3250 exhibitus.
1131 3197 1190 3254 142

112 3292 228 3349 poenam
251 3277 407 3350 dicitquod
431 3275 505 3332 solus
527 3279 668 3342 voraverit,
692 3279 765 3350 quod
786 3277 877 3335 multis
900 3278 1025 3336 sulficere
1046 3279 1189 3353 potuisset.

203 3365 260 3420 144
284 3363 309 3417 id
326 3371 366 3418 est
380 3371 504 3419 mortuus
521 3370 562 3418 est
575 3364 771 3420 manducando.
877 3367 935 3422 146
951 3363 1089 3431 insultant,
1114 3366 1191 3439 quod

113 3443 147 3499 de
173 3445 352 3518 indigestione
379 3447 414 3503 sit
440 3456 565 3504 mortuus
592 3448 742 3505 intestatus,
771 3448 804 3504 dc
830 3449 906 3504 euius
935 3458 1093 3507 testamento
1124 3451 1190 3507 nibil

113 3531 251 3586 consecuti
266 3540 339 3588 sunt.
430 3535 487 3591 149
504 3532 577 3590 velis.
594 3532 717 3590 dictionis
733 3534 804 3599 dicit,
820 3533 873 3590 hoc
888 3543 1049 3592 0111111110
1064 3535 1189 3593 scriben-

113 3611 171 3668 dae.
262 3618 318 3673 151
343 3616 439 3674 Lucilli
459 3627 485 3675 et
508 3628 668 3676 ceterorum.

200 3802 247 3855 131
267 3802 387 3867 mengone
405 3807 429 3855 Ρ
444 3822 545 3871 megere
560 3823 580 3874 p
600 3808 693 3859 meiere
712 3815 742 3858 w
760 3811 914 3860 Priscianus
931 3809 1066 3876 Eutyches
1137 3811 1187 3862 143

113 3866 206 3920 crudus
225 3871 257 3922 P:
277 3871 380 3923 crudum
398 3889 415 3938 p
435 3875 536 3926 Phocus
558 3877 639 3926 schol.
658 3877 733 3926 Persi
837 3880 886 3929 144
904 3877 1024 3929 infestata
1043 3875 1186 3928 Moduicus

198 3941 247 3992 149
266 3939 340 3992 110111
358 3945 390 3990 ut
407 3943 518 3992 uidetur
537 3944 601 4010 Ppr.
673 3947 721 3997 150
740 3944 810 3996 dices
828 3947 894 4011 Ppr.
