2528 4364
546 187 680 239 SATVHA
699 187 732 240 tl

88 353 261 421 ‘sumtus
281 377 354 439 eger
374 361 454 420 iuxta
476 350 538 420 est?
585 378 650 437 age,
671 360 696 419 si
718 359 791 419 mihi
813 360 894 419 nulla

93 445 154 506 iam
175 445 291 523 reliqua
313 464 349 505 eu
370 445 478 513 eruitis,
500 445 643 522 patruelis
665 444 754 509 nulla.
778 445 933 523 proneptis

93 530 179 592 nulla
199 540 304 590 manet
323 530 431 608 patrui,
453 529 563 589 sterilis
583 539 740 589 matertera
762 530 841 599 risit,

96 615 196 694 deque
218 616 280 674 aria
303 614 428 674 nihilum
450 625 597 692 superest,
619 614 728 673 accedo
751 613 876 674 Horillas
1142 624 1172 674 55

91 700 265 803 clivumqpe
287 700 323 759 ad
346 699 439 769 lirbi,
461 709 579 778 praesto
601 710 646 759 est
669 699 740 758 mihi
763 699 880 759 llanius
901 700 997 759 heres

91 777 270 881 ‘progenies
292 774 425 844 terrae‘l’
451 802 562 862 quaere
584 801 620 843 ex
644 802 691 843 me
713 784 780 860 quis
802 783 874 843 mihi
896 794 1020 862 quartus

94 869 135 931 sit
156 879 258 948 pater:
281 869 354 929 haut
374 878 523 947 prompte
545 869 640 928 dicam
663 878 780 933 tamen:
803 869 877 928 adde
899 870 985 929 etiam
1009 885 1113 933 uuum,

94 972 192 1015 nuum
213 954 317 1014 etiam:
340 964 437 1013 terrae
458 963 505 1013 est
525 953 583 1012 iam
605 953 692 1021 tilius,
715 965 744 1012 et
766 954 837 1013 mihi
860 955 919 1014 ritu

95 1039 214 1100 llnnius
234 1039 283 1098 hic
304 1039 425 1117 generis
446 1056 542 1116 prope
563 1039 659 1098 maior
679 1038 844 1099 auunculus
865 1047 968 1099 exstet.
1143 1047 1174 1098 5)

95 1125 148 1203 qui
170 1124 318 1202 priores,
340 1142 396 1184 cur
415 1141 464 1182 me
486 1123 517 1183 iu
539 1124 667 1184 decursu
690 1123 822 1201 lampada
845 1120 972 1201 poscas?

184 1296 224 1353 52
236 1311 293 1350 non
306 1303 332 1351 te
343 1295 430 1351 audeo
440 1295 595 1369 prohibere,
610 1295 740 1369 quicquid
754 1295 819 1352 ielis
833 1296 867 1353 de
877 1296 1025 1353 hereditate
1036 1304 1082 1351 tna
1093 1304 1125 1351 nt
1135 1295 1173 1352 ta-

95 1381 160 1445 cias,
173 1381 237 1454 quia
245 1396 311 1453 ager
320 1378 418 1454 plenus
428 1379 560 1454 lapidibus
571 1397 627 1435 non
637 1379 720 1453 louge
730 1390 781 1445 est,
794 1380 892 1454 quibus
899 1398 941 1438 me
949 1381 1174 1438 contradicentem

95 1463 206 1522 obruas
228 1481 290 1520 nam
299 1474 438 1521 exossatus
448 1482 514 1538 ager
524 1475 565 1521 est
575 1464 672 1538 plenus
682 1465 815 1538 lapidibus
826 1467 973 1522 secundum
984 1482 1032 1521 eos
1044 1466 1089 1538 qni
1105 1466 1175 1522 deh-

95 1550 289 1624 niuntlrpider
300 1567 361 1605 ossa
370 1567 430 1606 esse
440 1560 536 1614 terrae,
549 1560 580 1605 ut
587 1549 696 1606 Ouidius
707 1552 733 1604 in
746 1551 995 1624 metamorphoseon
1008 1551 1092 1624 rit[l,
1102 1550 1174 1624 39³]

91 1630 210 1710 ‘lapides
219 1635 248 1690 iu
259 1651 376 1708 corpore
388 1645 475 1692 terrae
486 1652 546 1690 ossa
558 1652 621 1691 reor
631 1630 702 1690 diei‘.
767 1651 816 1707 age
833 1636 856 1691 si
872 1637 935 1690 mihi
947 1635 1029 1691 nulla.
1040 1635 1084 1692 hic
1094 1646 1174 1711 poeta

95 1721 182 1795 tangit
208 1719 394 1794 heredipetas,
423 1723 470 1794 qui
501 1720 620 1793 quamuis
647 1719 720 1775 uutta
746 1722 907 1793 cognatione
929 1720 1103 1776 testatoribus
1125 1721 1175 1776 ad-

95 1805 233 1870 haereant,
256 1815 344 1862 tamen
367 1807 536 1879 propinquos
557 1806 597 1860 rel
620 1804 732 1861 heredes
753 1822 782 1860 se
796 1805 879 1861 rideri
894 1805 998 1861 volunt.
1057 1808 1096 1862 55
1120 1806 1174 1861 Ho-

95 1891 173 1948 villae
196 1899 262 1947 suut
289 1892 364 1948 vicus
391 1891 425 1946 ad
453 1891 624 1946 undecimum
652 1890 765 1963 lapidem
792 1891 895 1965 Appiae
924 1891 990 1946 viae.
1034 1906 1095 1945 nam
1124 1889 1175 1947 ali-

96 1977 204 2051 quando
226 1978 253 2032 iu
276 1975 382 2032 Albano
404 1986 497 2032 moute
518 1975 551 2031 ab
572 1992 617 2031 ara
639 1975 746 2049 fugiens
768 1986 862 2033 taurus
884 1977 934 2031 iarn
951 1984 1125 2031 consecratus
1139 1974 1177 2031 ibi

96 2059 307 2134 comprehensus
328 2071 380 2117 est.
424 2062 497 2117 uude
520 2061 633 2117 Bovillae
655 2061 750 2117 dictae.
855 2064 894 2120 56
918 2070 1048 2135 quattuor
1068 2059 1176 2117 milibus

95 2145 172 2204 abest
197 2145 280 2202 Vunii
309 2141 407 2209 clivus,
437 2163 491 2221 qua
519 2146 570 2203 iter
595 2147 690 2202 estad
712 2147 827 2202 Ariciam
849 2156 877 2203 et
898 2149 929 2204 ad
954 2163 1048 2202 nemus
1070 2147 1174 2210 Dianae,

94 2231 142 2289 nni
163 2230 270 2287 Virbius
292 2231 406 2296 colitur,
437 2233 464 2288 id
486 2242 527 2287 est
550 2231 720 2305 Hippolytus,
747 2233 820 2305 quod
843 2231 882 2288 bis
904 2234 931 2287 in
953 2233 1033 2287 vitam
1054 2231 1175 2306 prolatus

95 2319 141 2374 sit.
163 2332 224 2372 nam
245 2333 308 2373 cum
323 2316 484 2391 Hippolytus
504 2316 655 2373 anaedra
677 2334 792 2373 noverca
815 2316 851 2372 ob
872 2317 1099 2390 pulchritudinem
1113 2333 1175 2372 cor-

95 2400 170 2477 poris
198 2412 348 2466 amaretur,
378 2419 434 2458 eam
457 2402 556 2476 sprevit
581 2403 664 2475 patris
686 2401 816 2457 thalamos
837 2402 934 2457 uolens
956 2401 1065 2457 violare.
1102 2402 1175 2474 qnod

95 2504 157 2544 cum
186 2485 348 2561 Hippolytus
375 2488 445 2560 patri
473 2497 609 2550 narraret,
639 2503 700 2542 enm
722 2502 839 2542 noverca
866 2502 944 2541 verso
971 2486 1080 2541 crimine
1102 2485 1176 2541 ultro

96 2572 200 2629 'l'heseo
220 2573 316 2628 marito
332 2572 475 2628 accusavit.
520 2588 574 2645 quo
590 2571 681 2644 agnito
698 2570 860 2644 Hippolytus
874 2570 952 2644 fugit,
971 2579 998 2626 et
1013 2569 1076 2625 dum
1092 2585 1176 2626 curru

95 2659 123 2713 in
150 2657 231 2714 litore
258 2666 443 2721 exerceretur,
472 2657 548 2730 petiit
570 2674 584 2712 n
607 2656 732 2729 Neptuno
761 2656 879 2711 Theseus
907 2664 938 2711 nt
960 2655 983 2710 ei
1008 2654 1124 2729 phocas,
1148 2653 1174 2710 id

96 2752 138 2800 est
158 2742 258 2798 vitulos
280 2743 397 2798 marinos
419 2741 583 2798 immitteret.
606 2757 661 2815 quo
685 2741 756 2797 lacto
779 2741 840 2814 equi
856 2742 913 2797 eius
928 2749 1099 2814 pavescentes
1114 2756 1176 2797 euru

95 2828 275 2889 iactarerunt,
306 2836 334 2883 ct
361 2835 485 2883 mortuus
514 2836 565 2883 est.
609 2825 704 2882 dolens
732 2826 811 2882 lliana
838 2826 989 2900 speciosum
1021 2835 1176 2883 venatorem

96 2913 224 2977 amisisse,
248 2910 401 2986 Asclepium
423 2913 502 2968 deum
524 2912 668 2968 medicinae
695 2912 862 2969 inventorem
884 2911 969 2987 petiit,
993 2922 1023 2967 ut
1044 2928 1105 2968 enm
1128 2926 1176 2966 snt

97 3005 154 3054 arte
183 2998 216 3054 ad
243 2998 323 3054 vitam
351 2998 501 3054 reduceret.
545 3014 600 3071 quo
628 2997 699 3053 tacto
723 2997 863 3071 Asclepius
884 3014 945 3054 euru
967 2997 1057 3053 vivum
1079 2996 1176 3051 [tienne

96 3083 231 3147 restituit,
260 3092 287 3139 et
316 3092 455 3156 acceptum
483 3083 562 3139 Diana
590 3082 618 3137 iu
639 3082 703 3139 luco
725 3098 775 3139 suo
798 3090 829 3138 nt
850 3099 962 3140 securus
984 3083 1084 3136 viveret
1105 3094 1175 3135 cou-

97 3167 210 3225 secravit
242 3176 269 3224 et
296 3167 415 3224 Virbium
447 3167 552 3224 vocavit
579 3167 692 3230 merito,
726 3168 800 3240 qnod
830 3165 870 3223 bis
898 3167 924 3222 in
952 3167 1031 3222 vitam
1054 3162 1177 3237 prolutus

98 3262 177 3309 esset.
318 3253 448 3309 continuo
471 3252 534 3308 inihi
556 3253 657 3308 Hanins
682 3251 799 3309 occurrit
821 3253 866 3325 qni
889 3268 918 3308 se
939 3249 1064 3306 heredem
1086 3263 1175 3304 meum

99 3353 158 3393 esse
180 3335 252 3402 dicit,
275 3354 335 3394 curu
358 3355 420 3394 enm
441 3339 566 3394 nesciam.
590 3345 637 3393 ant
658 3346 732 3393 certe
754 3335 868 3392 llaninm
891 3334 955 3391 dicit
980 3331 1125 3389 deforment
1148 3342 1175 3388 et

98 3422 221 3494 ignotum
242 3421 376 3480 hominem
396 3439 428 3479 eo
444 3423 517 3496 quod
531 3423 634 3477 maniae
648 3422 775 3478 dicuntur
789 3420 907 3477 indecori
929 3417 1019 3474 vultus
1034 3432 1174 3491 personae,

99 3505 197 3580 quibus
219 3511 295 3580 pueri
317 3517 463 3566 terrentur.
552 3509 588 3565 61
614 3508 686 3580 apud
709 3505 828 3563 Athenas
850 3503 906 3561 ludi
928 3501 1133 3560 celebrabantur
1147 3503 1175 3560 in

185 3672 218 3722 52
235 3669 303 3724 iustu
322 3671 372 3722 eti
392 3670 509 3732 fortasse
527 3687 562 3721 ιω
579 3684 595 3720 n
614 3671 758 3734 Poorr.p
828 3670 861 3721 54
880 3667 1018 3734 putruisP
1083 3669 1115 3720 55
1135 3681 1176 3719 rc·

100 3737 207 3791 cedent
278 3741 311 3791 56
329 3739 401 3791 uerbi
421 3740 488 3804 Ppr.
557 3737 674 3789 monulus
688 3738 747 3799 αΡ,
765 3739 827 3786 item
845 3738 887 3799 50,
905 3736 999 3787 sedin
1016 3751 1114 3787 rantra
1133 3736 1176 3786 bio

99 3807 176 3859 nnius
194 3806 253 3858 illic
270 3807 356 3858 uuiP
440 3810 470 3861 57
491 3821 541 3872 que
565 3822 597 3858 ex
615 3812 639 3856 a
728 3805 760 3857 58
779 3809 824 3855 ont
841 3806 906 3871 Ppr
977 3809 1062 3856 tumen
1081 3819 1131 3857 om.
1151 3810 1175 3855 α

188 3874 317 3927 bdelium
336 3875 357 3926 si
377 3877 499 3927 terrneP
581 3874 659 3925 ritum
677 3874 799 3924 Ptecum
818 3879 842 3923 α
929 3875 962 3925 60
981 3872 1113 3925 exstrtP:
1133 3870 1175 3923 nel

100 3943 153 3996 exit
162 3943 422 4010 superimminet
492 3944 522 3995 51
535 3946 609 3995 esta
662 3939 833 3993 decurenmP
884 3942 1018 4009 poscnsP:
1033 3937 1173 4007 pooclsotp
1251 3940 1258 4025 p
