2528 4364
126 193 166 251 92
577 188 751 242 IVVENALIS

168 364 284 443 respice
308 382 389 424 nunc
411 362 466 423 alia
489 381 522 422 ac
545 362 658 422 diversa
681 362 811 441 pericula
835 363 946 424 ιιιιιι.
939 393 993 459 ,Δ
1011 388 1073 458 d(
1096 395 1176 454 ob.
1167 434 1231 459 .„‚

126 451 206 528 quod
228 468 280 529 spa
282 449 356 509 tium
379 449 464 508 tectis
485 446 661 508 sublimibus
683 449 763 507 unde
786 448 944 508 cerebrum
950 487 1048 570 Γ..
1048 473 1144 518 Q,.

125 543 201 596 testa
223 535 299 608 ferit,
323 534 461 611 quotiens
483 533 591 593 rimosa
614 542 645 592 et
667 541 750 592 curta
772 534 911 595 fenestris

125 639 192 681 vasa
214 581 329 691 cadabt,
353 626 464 696 quanto
488 635 663 713 percussum
685 617 817 696 pondere
841 619 960 698 signent

33 745 111 783 Q,
92 716 156 765 et
178 705 295 765 laedant
316 704 437 764 silicem.
482 703 628 781 possis„
601 703 725 763 ivnavus
747 702 849 764 haberi

1 844 22 873 ,Ι
37 854 66 884 a
116 784 266 850 etsubiti
288 807 374 849 casus
396 788 579 866 inprovidus,
603 788 639 847 ad
663 806 766 848 cenam
789 791 812 848 si
811 772 1024 912 '‘leka-ra
987 784 1248 852 *fus-dmm.
1150 841 1217 872 c...

125 875 281 935 intestatus
304 893 369 934 eas:
394 873 466 932 adeo
489 881 535 932 tot
556 873 622 949 fata,
646 882 720 949 quot
741 850 922 933 illassvlw‘
942 881 975 904 ω
987 815 1258 947 fflQ

7 904 109 1004 η’*
126 968 214 1020 uoctc
237 967 339 1037 patent
327 957 463 1036 tvigiles
486 967 515 1018 tc
538 966 748 1035 praetereunte
770 958 1173 1165 fenestraeffffl
1094 968 1202 1060 ,875
1218 1026 1244 1074 4

28 674 102 733 ι

125 1062 196 1122 ergo
220 1054 305 1123 optes
327 1052 488 1121 votumque
511 1044 587 1102 seras
609 1042 776 1103 miserabile
798 1052 908 1115 tecum,

124 1139 157 1188 ut
180 1129 240 1190 sint
262 1137 420 1188 contentae
444 1127 558 1205 patulas
581 1128 745 1188 defundere
767 1127 912 1206 pelves.

26 1216 29 1220 ’
125 1213 226 1275 ebrius
249 1232 283 1274 ac
305 1213 443 1291 petulans
466 1213 516 1291 qui
540 1213 656 1272 nullum
678 1213 754 1273 forte
777 1212 892 1285 cecidit,
1126 1260 1170 1291 s
1195 1248 1259 1298 vt,

125 1299 173 1359 dat
161 1308 317 1377 tpuenas,
324 1298 460 1358 noctem
482 1297 594 1376 patitur
616 1298 746 1375 lugentis
768 1219 1017 1399 amicumffls‘
1025 1271 1257 1442 θζῖζρὥη

125 1382 252 1455 Pelidae,
276 1383 394 1443 cubat
387 1401 417 1442 ιιι
442 1381 556 1453 ιιιιιιι,
578 1400 647 1442 mox
669 1382 776 1442 deinde
798 1382 941 1460 supinus;

125 1485 196 1545 ergo
220 1488 281 1528 non
305 1468 389 1528 aliter
411 1467 521 1545 poterit
542 1467 682 1541 dormire,
704 1467 881 1546 quibusdam

16 1593 109 1642 ,γ
124 1571 262 1613 somnum
285 1553 347 1613 rixa
371 1553 449 1613 facit.
494 1552 546 1612 sed
569 1553 701 1630 quamvis
724 1551 878 1632 improbus
901 1551 988 1611 annis

4 1660 75 1715 sm
126 1647 213 1734 atque
236 1655 318 1698 mero
342 1639 460 1698 fervens
482 1647 564 1697 cavet
584 1637 676 1710 hune,
700 1656 786 1715 quem
810 1637 931 1697 cocciua
954 1636 1038 1696 laena

123 1723 206 1783 vitari
230 1723 312 1783 iubet
335 1732 364 1783 ιι
386 1722 527 1783 comitum
550 1722 743 1800 longissimus
767 1722 874 1793 ordo,

123 1808 249 1867 multum
272 1817 357 1887 praet
358 1826 425 1868 erea
448 1808 685 1867 flammarumt
656 1817 685 1867 et
707 1825 798 1867 aenea
821 1808 941 1885 lampas.

123 1910 181 1966 me,
205 1911 294 1971 quem
317 1894 388 1953 luna
411 1892 487 1952 solet
509 1892 656 1953 deducere
679 1893 723 1952 vel
745 1892 834 1953 breve
856 1892 956 1988 lumen

124 1978 263 2038 candelae
286 1979 371 2038 cuius
393 1976 534 2056 dispenso
557 1988 743 2058 attempero
766 1978 884 2052 filum,

124 2063 299 2123 contemnit.
345 2061 473 2123 miserae
495 2080 643 2140 cognosce
667 2062 839 2140 prohoemia
861 2004 1107 2153 rislum&
1068 2024 1152 2087 tf..-

75 2225 79 2231 .
124 2147 149 2207 si
171 2147 233 2207 rixa
256 2156 301 2208 est
323 2146 410 2207 ubit
398 2154 431 2205 tu
453 2147 564 2226 pulsas,
588 2167 642 2225 ego
665 2148 807 2230 vapulot
808 2155 920 2207 autum.
940 2100 1057 2233 ,ζωῖ
1022 2134 1212 2227 ,,-,,,,“

81 2238 84 2244 “
117 2240 181 2292 ‘stat
203 2241 306 2292 contra
330 2231 461 2311 starique
484 2231 574 2306 iubet,
597 2250 703 2311 parere
727 2250 849 2294 necesse
871 2236 952 2306 ιιι;,’
1024 2234 1026 2241 ’
994 2206 1089 2306 J(
1127 2258 1133 2290 :
1157 2237 1203 2287 299

121 2420 227 2476 nienses
249 2423 363 2478 mortuis
385 2422 475 2478 solent
495 2422 523 2477 in
546 2438 593 2479 ore
616 2438 754 2477 nummum
776 2421 925 2486 inmittere,
956 2429 987 2476 ut
1008 2417 1079 2492 apud
1099 2415 1203 2472 inferos

121 2522 177 2562 non
206 2514 340 2580 tamquam
368 2507 462 2581 inopes
485 2517 585 2563 errent.
607 2506 680 2562 nude
703 2507 813 2562 naulum
835 2506 920 2563 Charo
943 2505 1063 2578 ιιιιριιι
1085 2498 1203 2558 solebat.

121 2600 153 2647 ut
174 2590 247 2664 Virg.
270 2589 352 2665 [Aeo.
376 2595 404 2656 6,
430 2591 502 2665 325]
521 2582 600 2649 ‘baec
622 2591 724 2654 omnis,
748 2608 826 2664 quam
850 2591 951 2656 cernis,
974 2591 1053 2684 inops
1074 2586 1203 2644 inhuma-

122 2684 205 2748 taque
227 2676 306 2732 turba
330 2664 390 2733 ιιι.
498 2679 558 2736 269
582 2678 654 2734 uude
677 2675 799 2733 cerebro.
821 2677 848 2733 id
870 2685 911 2732 est
932 2674 1075 2731 coniuncte
1097 2679 1202 2746 quanto

122 2760 149 2814 in
172 2759 277 2815 excelso
301 2761 356 2817 siut
376 2761 488 2818 insulae.
583 2764 643 2820 275
667 2761 744 2836 quasi
765 2778 814 2835 per
836 2777 930 2817 omnes
951 2759 1081 2816 fenestras
1102 2757 1205 2814 iactare

122 2842 227 2900 soleant
249 2852 276 2901 et
298 2854 469 2902 transeuntes
493 2846 623 2903 occidere.
712 2847 771 2904 277
795 2846 848 2901 hoc
869 2845 926 2917 tibi,
948 2844 1045 2918 inquit,
1069 2852 1133 2916 opta
1149 2858 1203 2916 pro

122 2929 174 2985 vita
196 2937 227 2984 ut
248 2938 368 2987 stercore
389 2930 559 3004 perfundaris
580 2932 673 3005 potius
696 2948 775 3005 quam
797 2930 848 2986 alio
865 2930 938 3005 gravi
952 2929 1072 3004 pondere
1087 2926 1203 2984 feriaris.

208 3014 268 3072 277
293 3015 408 3071 conchas
431 3016 579 3090 inquibus
602 3018 685 3090 pedes
706 3017 806 3074 lavant.
829 3025 875 3072 aut
897 3032 957 3072 vasa
978 3012 1079 3071 fictilia.
1101 3005 1204 3073 ποδά-

120 3120 249 3179 νιπτρα.
379 3101 439 3159 279
474 3102 612 3197 quomodo
637 3101 755 3158 Achilles
777 3112 895 3157 maestus
916 3100 968 3156 fuit
989 3116 1039 3174 pro
1063 3097 1202 3160 Patroclo,

121 3186 229 3258 quando
253 3185 357 3243 occisus
380 3199 434 3250 est,
459 3186 497 3243 ιιι
518 3188 653 3261 passivus,
677 3188 698 3242 ιι
722 3187 851 3243 neminem
874 3185 1010 3243 ceciderit.
1033 3200 1089 3239 non
1109 3191 1205 3256 potest

121 3271 239 3328 dormire
261 3272 318 3328 sine
339 3271 395 3328 lite.
484 3273 543 3331 283
568 3272 643 3328 laena
665 3273 739 3345 quod
760 3271 853 3328 divites
876 3271 940 3327 olim
960 3268 1115 3327 utebantur.
1135 3283 1206 3324 eoc-

121 3356 178 3411 cina
201 3373 339 3455 purpurea
361 3357 434 3419 dixit,
457 3367 488 3413 ut
509 3357 582 3429 Virg.
608 3356 687 3430 [Aeo.
711 3360 739 3422 4,
763 3344 867 3428 262]τ
870 3356 999 3429 varioque
1014 3354 1124 3412 ardebat
1138 3370 1205 3409 mu-

120 3441 175 3497 rice
201 3429 298 3498 laena'.
321 3451 367 3499 aut
389 3442 492 3516 antiqui
514 3441 713 3515 amphimallum
736 3442 838 3498 laeuam
860 3439 1040 3515 appellabant.
1139 3439 1202 3497 287

121 3525 197 3580 cuius
220 3527 344 3583 candelae
366 3544 498 3627 papyrum
521 3526 687 3600 temporibus
709 3527 826 3601 partior,
856 3537 887 3583 ut
909 3527 997 3582 duret.
1085 3523 1146 3581 289
1171 3533 1205 3580 ut

121 3610 262 3666 Terentius
285 3611 347 3709 [Aa.
372 3602 474 3685 213]‘
478 3629 530 3685 ego
552 3610 714 3685 vapulando,
737 3611 783 3668 ille
804 3611 982 3675 verberando,
1013 3625 1099 3683 usque
1120 3606 1203 3664 ambo

120 3694 217 3750 defessi
237 3713 351 3752 sumus.

210 3878 259 3928 269
278 3875 384 3927 cerebro
400 3882 466 3942 puto
485 3878 551 3943 Ppr.
656 3878 703 3930 271
725 3876 816 3929 cadent
833 3893 851 3941 p
951 3878 998 3929 28ι
1019 3874 1122 3926 delebat
1138 3873 1202 3924 Hei·

124 3943 241 3994 necteus
259 3946 500 4009 interrogationem
518 3947 641 4011 plerique
657 3942 768 4006 fuciunt
837 3947 887 3998 288
905 3945 1001 4011 premia
1017 3961 1037 4012 p
