2528 4364
519 212 651 265 SATVRA
670 213 692 264 V

63 385 171 447 lecerit
192 385 332 446 articulos
354 385 460 446 veteris
482 385 601 445 ramalia
624 386 691 464 lagi,

62 479 138 532 tunc
162 489 277 532 crassos
301 471 441 531 transisse
464 470 526 531 dies
547 471 704 549 lucemque
727 470 888 548 palustrem

64 564 95 618 et
116 555 172 617 sibi
194 556 252 616 iam
273 556 333 618 seri
354 555 443 616 vitam
464 555 637 634 ingemuere
660 555 802 617 relictam.

64 649 147 703 atta
170 641 326 702 nocturnis
347 641 426 702 iuvat
447 640 641 720 inpallescere
665 641 783 715 chartis,

64 726 164 787 cultor
187 726 266 787 enim
289 727 429 787 iuvenum
453 736 593 805 purgatas
616 726 723 787 inseris
745 743 831 786 aures

63 811 152 890 fruge
174 810 342 874 Cleanthea.
381 811 472 890 petite
494 812 564 872 hinc
587 813 733 890 puerique
755 828 901 888 senesque

63 896 157 958 tinem
180 896 279 957 animo
302 906 418 956 certum
440 896 613 975 miserisque
635 897 736 957 viatica
759 897 851 957 canis.
1114 906 1143 956 66

60 973 143 1043 ‘cras
164 981 222 1042 hoc
243 971 312 1042 liet.²
360 981 437 1041 idem
461 999 526 1042 cras
549 984 607 1042 liet.
650 976 757 1060 ‘qnid‘l
779 981 864 1060 quasi
886 998 1027 1060 magnum

64 1084 175 1147 nempe
197 1066 275 1127 diem
296 1056 407 1127 donas.³
448 1067 499 1127 sed
523 1084 590 1127 cum
612 1067 663 1127 lux
684 1067 775 1127 altera
797 1066 886 1139 venit,

63 1151 123 1213 iam
145 1170 211 1213 cras
232 1151 405 1212 hesternum
429 1152 676 1231 consumpsimus,
699 1170 770 1213 ecce
791 1151 869 1212 aliud
892 1169 957 1213 cras

64 1237 162 1316 egerit
183 1237 238 1299 hos
260 1254 357 1297 annos
379 1244 408 1297 et
430 1255 549 1316 semper
570 1238 691 1316 paulum
714 1237 771 1298 erit
792 1237 879 1297 ultra.

64 1339 135 1383 nam
157 1322 290 1400 quamvis
312 1340 407 1401 prope
427 1329 467 1395 te,
491 1322 624 1400 quamvis
646 1332 767 1383 temone
789 1322 844 1382 sub
868 1340 929 1382 uno
1114 1330 1143 1382 76

62 1414 230 1468 vertentem
252 1425 316 1468 sese
339 1407 449 1467 lrustra
472 1407 624 1468 sectabere
647 1408 797 1479 canthum,

64 1510 134 1553 cum
154 1499 221 1568 rota
243 1493 393 1573 posterior
413 1510 516 1554 curras
538 1502 568 1553 et
590 1494 620 1553 in
644 1511 696 1554 axe
719 1491 863 1556 secundo.

107 1577 243 1638 libertate
266 1596 342 1656 opus
364 1586 417 1638 est.
462 1596 523 1638 non
547 1579 611 1653 hac,
634 1578 814 1656 utquisque
837 1576 938 1636 Velina

152 1767 191 1824 63
208 1774 323 1824 tractum
338 1775 380 1824 est
393 1765 427 1823 ab
442 1766 565 1840 agricolis
581 1768 627 1841 qni
643 1765 752 1824 arbores
767 1765 958 1830 infructuosas,
974 1774 1006 1822 ut
1019 1765 1073 1821 sint
1088 1763 1143 1821 ler-

62 1851 132 1917 tiles,
155 1859 274 1926 purgant
296 1861 323 1908 et
344 1853 475 1910 inserunt.
565 1855 603 1910 64
620 1852 766 1909 stoicorum
783 1853 939 1926 praeceptis,
963 1851 1039 1907 cuins
1055 1857 1143 1906 sectae

63 1936 205 1994 Cleanthes
219 1935 396 2012 philosophus
412 1937 471 1995 luit.
560 1941 576 1994 7
582 1941 598 1995 0
621 1937 694 1994 hunc
715 1938 805 1994 locum
826 1945 906 2011 poeta
928 1954 976 2011 per
991 1933 1143 1992 similitudi-

61 2038 124 2080 nem
140 2022 244 2088 raedae,
261 2024 335 2097 quod
346 2030 387 2079 est
398 2040 484 2097 genus
495 2023 608 2080 vehiculi
619 2032 748 2098 quattuor
757 2031 889 2093 rotarum,
902 2021 1024 2097 exprimit
1035 2021 1140 2078 dicens:

62 2107 128 2164 licet
137 2106 188 2164 sub
199 2124 254 2165 uno
266 2116 373 2165 temone
383 2109 546 2181 praecedens
558 2117 584 2165 et
596 2109 765 2184 subsequens
776 2118 835 2165 rota
848 2109 981 2172 decurrat,
998 2123 1144 2181 numquam

63 2199 154 2250 tamen
175 2194 312 2268 posterior
332 2194 538 2267 praecedentem
561 2195 746 2268 consequitur,
770 2193 833 2251 licet
853 2211 935 2268 parvo
959 2193 1044 2267 spatio
1060 2193 1146 2249 inter-

63 2278 164 2353 posito,
187 2279 401 2352 tantundemque
426 2281 501 2353 prior
523 2289 654 2352 quantum
676 2289 704 2336 et
725 2281 861 2353 posterior
882 2279 1007 2335 volvitur.
1038 2280 1074 2334 ita
1095 2294 1145 2333 nos

64 2363 146 2421 docet
168 2363 241 2437 quod
263 2363 348 2437 dem,
377 2382 458 2438 quem
480 2362 626 2421 differendo
650 2365 798 2421 doctrinam
821 2364 970 2438 perdimus,
1000 2379 1147 2435 numquam

64 2446 118 2505 diei
145 2448 335 2522 subsequentis
365 2450 453 2506 studio
482 2467 647 2525 reparamus.
756 2453 795 2507 73
819 2450 852 2505 ad
874 2449 1029 2522 sapientiam
1051 2447 1147 2503 horta-

64 2541 145 2590 turus
167 2534 304 2590 materiam
319 2533 389 2591 hanc
403 2534 452 2590 sibi
469 2535 569 2609 delegit
584 2536 674 2592 dicens
689 2534 778 2591 solum
792 2533 906 2590 liberum
918 2550 976 2589 esse
989 2531 1144 2605 sapientem.

64 2627 173 2676 constat
200 2626 291 2676 autem
320 2621 486 2694 Aristippum
508 2621 547 2686 sic
567 2620 676 2676 invenes
698 2619 785 2676 solere
807 2619 840 2675 ad
861 2619 980 2675 studium
1002 2616 1147 2691 sapientiae

63 2703 179 2761 hortari.
257 2704 381 2762 libertate
403 2722 471 2779 opus
494 2715 544 2763 est.
567 2715 701 2778 tamquam
723 2704 746 2760 si
768 2703 882 2761 diceret:
906 2703 1035 2778 sapientia
1058 2701 1147 2758 omni-

64 2787 117 2846 bus
138 2790 288 2846 necessaria
311 2798 361 2847 est.
447 2807 503 2847 non
525 2791 595 2847 illam
616 2791 766 2847 libertatem
789 2790 861 2856 dicit,
887 2806 940 2864 qua
963 2790 1076 2864 quisque
1098 2804 1147 2862 per

64 2873 301 2931 manumissionem
325 2876 388 2932 civis
409 2877 545 2940 Romanus
568 2876 654 2933 lactus
677 2877 853 2950 consequitur
876 2883 902 2932 et
923 2875 951 2930 in
967 2875 1039 2931 tribu
1055 2873 1147 2930 Velina

65 2959 172 3016 censeri
199 2968 226 3017 et
252 2959 390 3035 publicum
413 2961 577 3019 frumentum
599 2962 728 3035 accipere,
759 2963 806 3018 sed
829 2979 886 3018 eam
907 2960 1058 3018 libertatem
1080 2974 1148 3032 quae

65 3044 98 3101 de
127 3045 216 3102 studio
237 3046 421 3121 philosophiae
443 3047 571 3104 nascitur.
600 3047 690 3104 Velina
719 3046 806 3104 tribus
829 3063 940 3104 numero
963 3046 1074 3101 aliarum
1096 3042 1148 3098 tri-

63 3127 150 3186 buum
178 3131 297 3189 accessit.
342 3149 401 3188 nam
431 3132 478 3205 qui
505 3133 574 3190 circa
597 3132 720 3190 Velinum
740 3130 828 3188 lacum
850 3131 1014 3194 habitabant,
1037 3129 1147 3184 Romam

65 3213 189 3272 translati
216 3224 289 3273 sunt.
334 3217 434 3273 Romae
465 3227 554 3274 autem
582 3225 639 3274 erat
667 3218 851 3280 consuetudo,
880 3225 911 3273 nt
934 3230 1025 3271 omnes
1047 3212 1093 3285 qui
1115 3227 1148 3267 ex

65 3299 274 3358 manumissione
302 3302 372 3358 cives
393 3303 504 3358 Romani
527 3302 636 3367 fiebant,
663 3303 691 3358 in
714 3318 825 3359 numero
849 3302 944 3357 civium
965 3299 1147 3354 Romanorum

64 3382 233 3442 frumentum
254 3386 393 3461 publicum
415 3387 578 3461 acciperent.
601 3404 697 3443 sensus
719 3396 773 3443 est:
800 3385 924 3442 libertate
947 3383 1075 3439 utendum
1098 3389 1147 3446 est,

101 3623 103 3628 ,
157 3568 190 3619 69
201 3565 350 3620 Feceritot:
369 3566 519 3633 FregeritP
589 3567 639 3619 saci
661 3575 685 3619 α
756 3569 785 3618 61
805 3566 858 3618 uita
876 3568 900 3617 P
966 3562 1055 3614 relicta
1072 3559 1146 3623 Pcf.

68 3633 235 3687 Claudianus
251 3638 281 3686 in
302 3639 465 3701 Eutropium
484 3637 578 3690 11501
675 3638 708 3688 62
726 3634 820 3685 carthis
840 3635 893 3684 αΡ
981 3632 1013 3684 63
1032 3632 1099 3682 enim
1118 3645 1146 3682 es

66 3699 173 3768 (suerat
190 3707 239 3768 est)
257 3704 379 3756 iuuenum
397 3706 421 3755 P
497 3707 531 3757 64
548 3705 708 3756 cleteanthea
728 3709 752 3753 ot
770 3702 878 3754 cliantea
897 3704 921 3753 P
999 3701 1030 3752 65
1049 3699 1147 3750 miseri·

68 3785 119 3839 que
136 3772 206 3838 Ppr.
286 3775 318 3825 66
337 3788 392 3824 cras
411 3770 457 3824 liat
475 3780 499 3823 α
578 3775 609 3825 67
630 3771 696 3824 diest
715 3778 739 3822 ot
818 3773 850 3823 68
869 3769 1042 3822 externuml’
1113 3768 1145 3819 69

66 3837 116 3892 bos
134 3845 197 3906 ap:
216 3839 267 3891 hoo
284 3843 308 3892 P
374 3843 407 3893 to
426 3856 503 3908 quam
520 3857 601 3908 prope
620 3855 648 3892 se
661 3847 684 3890 α
703 3854 856 3907 quamquam
875 3842 894 3904 ς
963 3842 1066 3889 temone
1078 3851 1148 3886 corr.

68 3909 226 3960 salemone
246 3914 270 3958 ot
289 3925 323 3959 aaa
346 3912 490 3961 tenemoP
557 3913 587 3961 71
608 3911 677 3961 seP
744 3913 846 3960 cantum
866 3910 922 3959 αΡ
1001 3907 1033 3957 73
1052 3904 1147 3954 distin-

64 3977 187 4042 guebant
204 3977 313 4044 quisque
331 3979 364 4028 ab
383 3980 411 4028 ut
