2528 4364
122 192 161 250 78
573 191 748 247 lVVllNALlS

120 365 216 444 primo
239 366 301 425 sole
324 365 395 424 mihi
418 365 621 443 peragendum
645 364 674 425 in
698 365 770 425 valle
794 357 929 435 Quirini.³

120 467 195 527 quae
218 469 305 511 causa
328 447 438 510 oflicii?
458 442 541 527 ‘quid
566 447 704 528 quaeris?
727 449 813 510 nubit
835 452 947 512 amicus

121 553 177 595 nec
199 535 308 596 multos
330 525 465 595 adhibet?
513 534 600 595 liceat
624 535 711 595 modo
735 534 847 595 vivere:
870 536 952 611 licut,
1154 547 1197 598 135

119 620 193 679 fient
215 619 268 680 ista
291 619 396 698 palam,
420 619 544 699 cupient
566 628 596 679 et
618 620 647 678 in
672 628 736 679 acta
760 620 873 680 referri.

119 705 230 765 interea
253 713 434 765 tormentum
459 705 566 781 ingens
589 702 774 764 nubentibus
796 705 907 777 haeret,

119 791 199 868 quod
223 797 373 868 nequeant
395 807 500 868 parere
522 797 552 849 et
574 797 660 868 partu
683 790 813 849 retinere
836 790 966 852 maritos.

118 875 169 936 sed
192 875 306 948 melius,
330 875 409 952 quod
432 874 475 934 nil
497 874 604 934 animis
627 874 656 933 in
680 892 807 953 corpora
830 875 903 936 iuris

118 969 223 1021 natura
247 960 395 1038 indulget:
419 959 534 1020 steriles
557 959 735 1033 moriuntur,
759 967 788 1019 et
810 959 866 1020 illis

116 1045 234 1123 turgida
256 1062 317 1104 non
343 1044 464 1123 prodest
486 1044 605 1104 condita
628 1043 734 1122 pyxide
756 1044 845 1123 Lyde,

118 1149 173 1190 nec
196 1130 318 1208 prodest
340 1129 407 1206 agili
430 1128 542 1207 palmas
565 1129 707 1207 praebere
729 1128 862 1207 luperco.

116 1215 185 1274 vicit
207 1224 236 1274 et
258 1215 316 1274 hoc
337 1222 507 1274 monstrum
529 1213 653 1273 tunicati
677 1213 791 1274 fuscina
815 1213 949 1287 Gracchi,

116 1299 307 1378 lustravitque
329 1300 397 1376 fuga
419 1298 546 1358 mediam
569 1299 712 1376 gladiator
733 1299 875 1358 harenam

117 1393 146 1444 et
169 1383 341 1463 Capitolinis
363 1383 538 1461 generosior
560 1392 589 1443 et
611 1383 756 1444 Marcellis

116 1477 145 1529 et
167 1469 261 1530 Catuli
284 1469 426 1547 Paulique
448 1467 616 1530 minoribus
639 1478 668 1529 et
690 1467 789 1530 Fabiis
811 1476 841 1528 et

116 1554 254 1614 omnibus
276 1552 312 1613 ad
335 1554 454 1631 podium
478 1553 691 1632 spectantibus,
714 1553 760 1614 his
782 1553 852 1615 licet
872 1554 969 1633 ipsum

115 1640 269 1699 admoveas
291 1639 375 1700 cuius
397 1647 470 1699 tunc
492 1657 617 1700 munere
640 1638 712 1699 retia
735 1637 822 1702 misit.

158 1743 223 1785 esse
246 1723 360 1802 aliquos
383 1742 486 1784 manes
509 1732 538 1784 et
560 1723 754 1784 subterranea
776 1740 867 1800 regna

114 1819 144 1869 et
166 1817 289 1871 contum
312 1817 342 1868 et
363 1809 464 1888 Stygio
487 1827 574 1870 ranas
597 1809 628 1867 in
651 1808 768 1886 gurgite
791 1809 891 1885 nigras
1149 1817 1190 1868 lot

112 1996 176 2054 ager
198 1980 327 2054 Tarquini
355 1980 465 2053 superbi
493 1979 557 2045 luit,
593 1990 619 2037 et
648 1997 697 2054 pro
725 1980 795 2036 illius
825 1979 887 2054 luga
910 1979 986 2037 llarti
1015 1988 1189 2036 consecratus

113 2065 200 2120 dietus
223 2074 264 2120 est
287 2065 394 2121 llartius
417 2081 535 2139 campus.
640 2067 697 2125 133
722 2066 748 2122 in
771 2064 838 2122 valle
861 2065 930 2122 colle
952 2064 1064 2133 Quirini.
1087 2064 1120 2121 ad
1142 2065 1189 2119 in-

112 2148 207 2204 vidiam
230 2149 293 2205 dixit
314 2150 341 2204 in
364 2149 443 2206 valle.
555 2153 610 2207 141
637 2151 670 2206 de
691 2150 782 2225 Lydia,
806 2150 878 2207 unde
901 2149 1024 2207 Arachne
1045 2150 1097 2207 luit
1119 2166 1188 2207 eon-

111 2250 188 2290 versa
210 2233 236 2287 in
260 2250 393 2290 araneam.
414 2234 480 2290 haec
501 2235 604 2292 inclusa
625 2235 653 2290 in
675 2235 772 2309 pyxide
794 2252 918 2292 araneam
940 2236 1015 2292 texit.
1037 2252 1105 2309 quae
1120 2252 1187 2308 per-

111 2319 192 2375 mixta
213 2320 290 2392 potui
313 2318 454 2376 secundam
476 2318 615 2377 mulierem
638 2321 671 2377 de
693 2321 776 2378 sterili
799 2320 871 2377 iacit.
987 2321 1093 2394 turgida
1116 2320 1187 2378 allu-

111 2404 185 2460 dens.
209 2421 296 2460 crassa
320 2404 476 2479 simpliciter
497 2405 707 2479 intellegendum
730 2415 772 2462 est
793 2414 840 2462 aut
861 2421 1020 2479 praegnans.
1125 2407 1183 2463 142

111 2489 215 2547 steriles
237 2491 362 2547 mulieres
384 2490 572 2547 februantihns
594 2491 712 2564 lupercis
742 2508 772 2548 se
795 2488 944 2547 offerebant
965 2500 992 2547 et
1013 2489 1098 2547 ferula
1121 2505 1186 2547 ver-

39 2595 40 2598 *
109 2574 281 2632 herebantur.
313 2577 366 2633 hoc
391 2593 468 2633 omen
498 2577 574 2650 sequi
602 2575 671 2632 inira
701 2584 803 2634 tectum
831 2575 909 2632 multi
937 2575 1043 2632 seminis
1066 2575 1183 2632 creditur

109 2667 264 2716 contractus
292 2663 324 2716 ad
352 2661 541 2718 fecunditatem
571 2660 684 2718 dandam
707 2661 811 2718 cunctis
833 2677 882 2734 per
903 2661 1043 2719 civitatem.
1065 2661 1094 2717 in
1116 2660 1184 2718 solio

108 2743 130 2799 si
153 2760 206 2816 qua
228 2754 290 2816 post
310 2745 396 2818 ipsum
420 2746 601 2812 descenderit,
629 2747 717 2802 statim
746 2746 873 2819 concipit.
1001 2746 1102 2820 palmas
1123 2745 1184 2803 ideo

108 2826 171 2884 dicit
193 2829 255 2902 quia
277 2839 323 2885 aut
346 2838 464 2886 catomos
486 2830 654 2888 laetabantur
675 2839 721 2887 aut
743 2832 806 2905 quia
827 2830 950 2887 manibus
971 2831 1108 2906 vapulant.

197 2915 255 2970 143
279 2915 325 2986 qui
348 2922 408 2987 toga
439 2916 573 2989 deposita,
609 2932 661 2990 qua
690 2916 836 2974 utebantur
864 2925 1017 2981 senatores,
1047 2924 1182 2990 tamquam

107 2997 202 3055 lanista
224 2999 314 3054 tunica
336 2999 471 3056 utebatur.
598 3003 658 3059 144
681 3000 884 3060 Gracchifilius
906 3001 999 3059 habitu
1021 3001 1182 3076 gladiatores

105 3084 267 3160 plerumque
288 3085 319 3140 ad
342 3083 474 3141 inlarnianr
496 3087 636 3160 aequabat.
658 3087 781 3145 retiarius
803 3088 872 3144 enim
895 3085 954 3144 luit.
1045 3090 1102 3144 147
1128 3102 1183 3141 no-

106 3169 219 3241 bilibus,
250 3186 306 3226 non
328 3169 437 3226 Neroni.
466 3188 528 3228 nam
549 3172 620 3228 Nero
649 3173 754 3248 etipse
776 3173 905 3247 pugnavit
926 3172 996 3229 inter
1018 3171 1181 3246 gladiatores

106 3266 134 3313 et
156 3255 272 3313 cantavit
292 3256 319 3311 in
342 3272 437 3312 scaena
459 3258 487 3312 in
509 3256 601 3314 habitu
624 3257 771 3316 citharoedi
793 3267 819 3314 et
841 3258 932 3330 auriga
954 3256 1014 3313 luit.
1121 3257 1180 3314 148

106 3341 167 3415 quia
190 3351 217 3400 et
241 3341 374 3398 Gracchus
396 3342 485 3398 minor
507 3344 643 3417 pugnavit.
730 3344 787 3400 149
812 3359 872 3400 esse
893 3341 1007 3416 aliquos.
1031 3334 1180 3418 ἐκφώνη·

106 3440 161 3498 σις.
268 3430 326 3486 150
350 3437 376 3484 et
397 3436 522 3502 pontum.
546 3422 723 3501 Virg.[1lec.
748 3430 776 3492 6.
802 3425 873 3501 302]
891 3421 963 3501 ‘ipse
985 3436 1070 3484 ratem
1092 3435 1180 3501 ponto

105 3508 204 3581 subigit
226 3511 345 3586 velisque
367 3500 524 3569 ministrat'.
553 3510 632 3587 [Aea.
656 3514 684 3576 6,
710 3508 781 3588 315]
807 3503 894 3569 ‘nunc
915 3513 965 3569 hos
988 3528 1062 3569 nunc
1084 3511 1181 3585 accipit

104 3583 191 3651 illos'.
213 3594 257 3652 hic
279 3599 503 3671 comparationem
526 3608 621 3655 contra
640 3605 763 3655 naturam
777 3597 888 3654 inducit.

195 3743 242 3795 133
261 3742 287 3792 in
305 3742 373 3795 ualle
392 3744 458 3796 colle
477 3744 570 3811 quirini
588 3744 635 3794 sed
651 3745 718 3797 colle
736 3760 842 3795 masam
860 3746 883 3796 P
962 3748 1009 3798 145
1028 3750 1053 3796 et
1071 3743 1179 3797 Marcel·

105 3808 137 3861 lis
156 3838 188 3846 —
207 3809 348 3862 minoribus
366 3812 512 3863 damnarat
528 3813 641 3864 Iahnius
720 3814 769 3865 146
788 3811 880 3864 catulis
898 3812 1067 3880 paulisqnep
1139 3812 1178 3863 la·

106 3877 171 3930 bisis
191 3879 335 3928 Peraeae
413 3883 439 3932 et
456 3883 486 3931 ia
504 3881 630 3932 litaraP
698 3883 746 3934 150
765 3884 870 3933 contum
888 3886 1047 3947 sepontum
1066 3883 1090 3932 P
1105 3879 1177 3931 Coci-

106 3951 157 3998 tum
176 3945 362 4013 Ltutpraadm
380 3949 554 4014 antapodosis
570 3950 595 4012 5,
613 3951 638 4001 8.
663 3950 713 4001 hoe
731 3950 873 4016 comprobo
890 3961 968 4014 regna
987 3951 1032 4016 etl
1049 3949 1175 4016 Cocytum
