2514 4350
484 169 579 222 nean
596 170 606 223 1
641 131 774 224 sarran
791 171 801 224 1

106 339 255 400 scribendi
278 341 487 419 quodcumque
509 342 608 402 animo
631 342 774 421 flagrante
796 343 903 405 liberet

106 416 312 504 simplicitas‘l'
339 426 423 488 cuius
446 446 507 487 non
532 426 626 487 audeo
649 426 747 488 dicere
772 427 903 489 nomen?
925 463 940 475 ν
986 493 989 499 ,

107 509 177 589 quid
201 511 301 584 refert,
324 511 410 572 dictis
433 511 568 590 ignoscat
589 511 704 592 Mucius
727 531 764 573 an
790 512 873 573 non?
898 467 1205 568 msmr

105 585 521 677 ‘pcne'Tigellinumzbtaeda
544 595 658 657 lucebis
681 598 712 657 in
735 597 792 670 illa,
814 604 913 658 edm
950 621 1003 662 2...
1023 574 1113 634 Μ·
1256 602 1257 605 ’

108 697 164 756 qua
187 687 299 741 stantes
321 681 426 741 ardent
449 682 500 759 qui
522 682 580 741 lixo
603 690 724 761 pectore
747 684 872 755 fumant,

108 772 137 824 et
157 765 249 824 latum
272 765 367 826 media
390 765 505 826 sulcum
528 764 648 828 deducis
670 758 798 827 harena.³

109 849 158 926 qui
181 848 260 910 dedit
282 869 352 930 ergo
376 850 472 912 tribus
494 852 607 929 patruis
629 851 754 924 aconita,
777 852 900 912 vehatur
1109 922 1113 928 ¹

105 933 272 1036 pensihbus
293 936 402 1022 plumis
424 945 511 1014 atque
534 934 615 996 illinc
638 936 780 1022 despiciat
802 935 880 997 nos?
897 905 1153 976 “MA

100 1025 187 1079 'oum
209 1020 308 1080 veniet
331 1030 443 1095 contra,
465 1021 556 1100 digito
580 1040 736 1100 compesce
758 1021 911 1082 labellum:
1137 1029 1180 1082 166

108 1113 262 1165 accusator
285 1106 340 1166 erit
362 1107 412 1184 qui
435 1106 558 1167 verbum
583 1107 689 1167 dixerit
708 1099 781 1184 “hic
803 1098 878 1183 est'.
898 1086 987 1169 Mai
998 1110 1015 1166 'r
1036 1096 1111 1166 ὶψ.

107 1207 230 1250 securus
251 1189 320 1251 licet
342 1192 462 1251 Aenean
486 1190 687 1271 Rutulumque
711 1191 840 1253 ferocem
855 1195 1083 1337 Ψάμμι,
1098 1179 1187 1272 „ff

108 1273 283 1355 committas,
308 1276 380 1336 nulli
403 1276 498 1355 gravis
521 1284 565 1336 est
586 1295 746 1355 percussus
768 1277 880 1337 Achille
919 1274 1027 1337 ludunt
1043 1296 1093 1364 op

107 1366 157 1418 aut
178 1358 304 1420 multum
328 1361 478 1438 quaesitus
499 1361 588 1440 Hylas
611 1379 775 1439 urnamque
797 1371 931 1423 secutus:
947 1360 1106 1451 pomp

108 1461 179 1504 ense
201 1444 281 1505 velut
303 1445 405 1507 stricto
430 1445 569 1524 quotiens
591 1445 722 1506 Lucilius
745 1446 852 1507 ardens

106 1528 268 1603 infremuit,
292 1530 379 1590 rubet
401 1529 518 1591 auditor
540 1531 588 1590 cui
610 1529 715 1609 lrigida
738 1549 823 1591 mens
846 1539 891 1591 est

94 1586 293 1693 udeiminibus,
315 1615 403 1675 tacita
425 1615 533 1675 sudant
554 1615 728 1693 praecordia
752 1615 848 1695 culpa.

106 1697 175 1758 inde
197 1698 321 1780 iraeet
325 1700 477 1779 lacrimae.
501 1710 600 1760 tecum
624 1700 707 1778 prius
729 1696 800 1778 ergo
823 1700 920 1760 voluta

108 1804 165 1841 (ιω
179 1810 306 1892 4⁰07st
336 1774 482 1844 §Madd
595 1836 600 1844 .

195 1873 252 1929 155
277 1874 306 1928 C.
329 1872 365 1929 So
379 1872 457 1929 onius
479 1873 536 1946 rigi
555 1872 626 1937 inus,
649 1881 727 1945 patre
749 1869 924 1944 Agrigentino
946 1867 1112 1942 Scyllaceum
1133 1883 1180 1923 re-

106 1953 210 2027 legato,
244 1958 347 2014 iuvenis
375 1975 456 2031 egens
485 1975 577 2015 verum
606 1958 750 2015 admodum
777 1955 904 2030 pulcher,
939 1956 967 2011 in
1000 1952 1180 2010 concubinatu

107 2038 141 2094 ll.
166 2039 266 2097 Vinicio
290 2053 316 2099 et
336 2043 419 2100 Lucio
442 2043 555 2099 Domitio
583 2043 684 2100 maritis
707 2042 869 2117 Agrippinae
896 2049 922 2098 et
944 2039 1026 2096 luliae
1055 2054 1181 2094 sororum

107 2123 136 2179 C.
160 2125 276 2182 Caesaris
298 2144 382 2202 aeque
404 2129 431 2182 in
453 2129 594 2202 utriusque
621 2128 750 2185 uxoribus
778 2135 936 2201 suspectus,
967 2125 1001 2181 ob
1031 2123 1084 2181 hoc
1112 2122 1182 2180 urbe

106 2221 255 2268 summotus
278 2213 449 2285 piscatoriam
470 2214 497 2269 in
521 2214 619 2269 Achaia
641 2214 767 2276 exercuit,
791 2212 880 2286 quoad
903 2218 1012 2284 accepta
1033 2209 1181 2266 hereditate

105 2295 220 2352 reditum
242 2296 292 2353 sub
315 2298 473 2354 condicione
494 2298 651 2370 inpetravit,
681 2305 711 2353 ut
734 2305 880 2370 conspectu
904 2294 1005 2351 Claudii
1026 2293 1180 2350 abstineret.

106 2396 189 2451 quare
210 2380 322 2437 saltibus
343 2383 371 2436 in
387 2381 485 2455 Apulia
507 2390 534 2436 et
549 2380 667 2437 Calabria
690 2383 848 2453 comparatis
871 2396 932 2435 cum
954 2378 1074 2434 studiose
1095 2394 1181 2450 equos

106 2463 188 2519 aleret
209 2464 404 2537 quadrigarios,
431 2464 570 2520 amicitiam
592 2465 705 2520 Neronis
728 2473 823 2520 nactus
845 2465 947 2536 primus
968 2461 1043 2516 illum
1065 2461 1096 2516 ad
1119 2468 1181 2517 stu-

106 2547 178 2602 dium
201 2549 360 2604 circensium
381 2549 473 2605 movit.
559 2565 631 2621 ponc
652 2557 679 2604 te
700 2548 852 2620 vituperare
871 2545 1032 2619 Tigillinum,
1056 2561 1137 2617 quem
1159 2546 1181 2600 si
1206 2587 1210 2594 .

105 2630 224 2696 laeseris,
247 2632 322 2687 vivus
344 2631 458 2697 ardebis,
481 2633 705 2705 quemadmodum
727 2632 754 2687 in
775 2647 888 2687 munere
902 2630 1014 2687 Neronis
1036 2629 1087 2686 vivi
1104 2647 1181 2687 arse-

105 2725 179 2772 runt.
203 2717 236 2773 de
258 2715 356 2790 quibus
378 2717 423 2774 ille
443 2717 558 2774 iusserat
580 2734 672 2774 cereos
695 2716 762 2782 fieri,
784 2725 816 2773 ut
837 2716 960 2774 lucerent
974 2714 1180 2790 spectatoribus,

106 2817 166 2856 cum
188 2800 238 2857 fixa
260 2811 351 2858 essent
371 2802 423 2858 illis
444 2810 563 2877 guttura,
587 2820 621 2859 nc
643 2820 673 2860 se
694 2810 846 2858 curvarent.
935 2804 994 2860 156
1010 2802 1079 2859 Nero
1094 2801 1181 2858 male-

104 2884 170 2942 ficos
192 2886 312 2944 homines
335 2888 412 2944 taeda
435 2897 461 2945 et
482 2905 585 2962 papyro
608 2897 636 2946 et
657 2905 717 2944 cera
739 2886 959 2961 supervestiebat,
982 2895 1009 2944 et
1030 2888 1069 2944 sic
1090 2887 1180 2960 ignem

104 2970 238 3028 admoveri
259 2972 376 3037 iubebat,
399 2982 431 3030 ut
452 2975 586 3030 arderent.
718 2975 774 3031 157
800 2973 932 3030 abductus
955 2972 1025 3028 enim
1047 2989 1108 3040 cum
1130 2988 1180 3044 per

105 3072 211 3113 arenam
235 3059 394 3125 traheretur,
418 3057 523 3116 sulcum
545 3075 661 3133 corpore
682 3075 733 3116 suo
756 3057 819 3115 lecit
840 3058 882 3114 vel
905 3057 1013 3114 fossam.
1120 3056 1178 3113 158

103 3143 264 3214 generaliter
286 3144 349 3200 dicit
371 3161 484 3218 carpens
506 3160 552 3200 eos
573 3147 619 3218 qui
635 3160 739 3202 veneno
755 3152 921 3216 grassantur.
1011 3143 1068 3199 159
1086 3139 1181 3196 lectica

102 3226 200 3298 plumis
221 3237 314 3285 strata.
448 3230 506 3286 162
529 3245 641 3286 securus
663 3229 831 3286 demortuis
853 3225 981 3301 loqueris,
1005 3241 1055 3281 nec
1076 3233 1180 3279 metues

102 3308 191 3383 legem
213 3313 313 3377 lulium,
338 3331 407 3386 quae
428 3313 549 3370 vivorum
571 3315 630 3370 vitia
654 3322 726 3370 vetat
748 3312 829 3385 carpi.
920 3311 978 3368 163
1002 3308 1075 3382 Virg.
1100 3306 1179 3382 [Aee.

105 3396 133 3459 6,
159 3391 209 3468 57]
228 3386 360 3453 ‘llardaua
382 3399 427 3472 qui
449 3399 551 3454 Paridis
574 3399 669 3455 direxti
691 3398 743 3454 tela
764 3412 914 3468 manusque
936 3410 1036 3467 corpus
1057 3393 1085 3449 in
1107 3396 1179 3450 Aea-

104 3474 197 3536 cidae'.
302 3483 360 3539 164
383 3482 456 3556 Virg.
479 3481 542 3556 [ecl.
566 3486 594 3548 6,
619 3482 670 3556 44]
686 3477 734 3539 ‘ut
755 3478 818 3538 litus
841 3480 917 3554 Hyla,
941 3477 1008 3552 Hyla
1031 3495 1110 3535 omne
1131 3496 1179 3536 re-

104 3552 220 3621 clamat'.
312 3567 369 3624 168
392 3566 528 3623 iracundia
550 3568 705 3624 accenditur
727 3581 829 3622 nocens
853 3564 993 3620 criminum
1015 3563 1179 3621 conscientia

190 3714 239 3765 155
259 3709 398 3779 tigilliuum
416 3713 439 3762 P
454 3727 524 3766 corr.
539 3727 559 3778 p
629 3708 761 3763 lucebitP
776 3726 846 3762 corr.
863 3727 890 3777 p,
909 3716 935 3762 et
951 3707 981 3762 ab
997 3714 1121 3776 margine
1139 3714 1180 3761 eat

103 3780 146 3832 uel
163 3780 262 3832 lucebis
335 3783 382 3834 156
402 3780 455 3848 qui]
473 3780 482 3830 i
499 3782 530 3832 in
547 3781 632 3831 lituro
649 3779 673 3830 P
744 3783 849 3846 pectore
866 3780 890 3831 P
904 3778 947 3832 uel
965 3783 1068 3845 gutture
1084 3795 1178 3846 cuper-

103 3850 245 3915 acn’peitp
344 3852 391 3902 151
410 3849 514 3902 deducit
532 3846 674 3900 Pdedueis
691 3862 709 3913 p
816 3850 864 3901 159
883 3847 996 3914 despicio
1015 3850 1041 3899 et
1059 3862 1106 3899 nos
1124 3847 1177 3897 Pa

103 3919 188 3967 erasit
202 3933 235 3983 p:
254 3916 381 3982 despiciat
399 3920 418 3980 ς
491 3919 539 3971 161
559 3930 667 3969 neruum
684 3921 717 3967 ut
733 3916 845 3968 uidetur
862 3918 987 3969 Puerum
1002 3930 1022 3982 p

56 4007 1028 4278 &mmo
1058 4047 1216 4106 ff*

56 4244 245 4319 baama
277 4278 311 4337 f)
345 4278 494 4337 44:2²}ss
532 4318 584 4337 ..t
613 4266 710 4337 πῂ.
842 4320 850 4331 .
941 4251 1229 4325 .·ν.-1.Ῑ--”’““·Ι“Λ“’
