2528 4364
540 213 724 267 PRAEFATIO
1139 214 1173 267 lx

98 395 180 449 reete
202 387 345 468 scriptum
362 395 441 448 extat
462 388 541 466 quod
556 388 586 448 in
611 386 659 447 PS
680 406 748 449 casu
764 388 953 467 depravatum
977 396 1029 448 est.
1074 388 1172 468 itaque

98 491 128 550 in
151 498 214 550 arte
237 491 337 552 critica
361 490 524 552 exercenda
546 490 721 564 etiamtum,
745 509 811 551 cum
835 499 894 551 tam
916 498 1016 569 aperte
1039 491 1172 570 interpo-

97 593 167 653 latio
189 602 320 670 grassata
342 601 386 654 est
409 601 438 653 et
459 592 593 655 codicum
618 592 732 654 indoles
755 601 842 671 atque
866 592 1003 672 cognatio
1026 600 1085 652 tam
1108 611 1173 654 cer-

97 698 135 758 tis
158 697 340 776 argumentis
368 695 549 775 deprehendi
579 704 692 774 potest,
723 713 810 774 quam
840 696 870 756 in
900 694 1044 757 luvenalis
1066 695 1174 757 saturis

99 800 194 878 palam
211 808 265 874 est,
287 818 385 878 neque
401 817 485 860 casus
501 797 704 876 neglegendus
719 807 764 859 est
779 816 877 876 neque
900 799 975 859 ratio
991 799 1173 877 seponenda.

99 904 236 983 equidem
265 901 470 963 recensionem
500 902 569 962 obnr
599 920 614 962 a
637 919 683 961 me
712 901 875 963 institutam
905 900 1060 980 diligenter
1088 919 1173 963 reco-

98 1007 187 1087 gnovi
203 1015 232 1067 et
247 1003 427 1083 ubicumque
441 1004 506 1065 fieri
521 1005 619 1083 potuit
634 1004 795 1065 emendavi.
833 1004 957 1065 multum
973 1002 1085 1079 abesse,
1101 1005 1173 1082 quin

99 1110 209 1188 ubique
230 1127 298 1169 vera
321 1119 426 1186 poetae
447 1126 553 1168 manus
575 1107 718 1168 restituta·
730 1107 777 1180 sit,
808 1116 836 1167 et
858 1106 1027 1184 gravissima
1050 1107 1172 1167 vulnera

97 1221 175 1272 tecta
199 1229 297 1289 neque
319 1218 421 1271 sanata
435 1210 531 1271 iacere
553 1209 636 1270 nullo
659 1209 747 1270 modo
763 1209 940 1287 negaverim.
975 1209 1006 1270 in
1021 1209 1100 1269 varia
1115 1211 1173 1270 lec

98 1315 181 1375 tione
196 1313 384 1376 subnotanda
406 1314 445 1374 ita
464 1321 597 1374 versatus
620 1331 696 1386 sum,
719 1318 752 1372 ut
767 1320 891 1386 constet,
915 1312 984 1390 quid
1008 1320 1111 1372 contra
1128 1311 1176 1372 PS

99 1425 129 1476 et
151 1433 209 1492 qua
232 1415 405 1476 auctoritate
421 1423 565 1475 mutatum
589 1414 635 1475 sit.
680 1415 786 1475 horum
802 1414 893 1493 igitur
914 1416 1007 1474 varias
1022 1414 1174 1488 lectiones,

99 1517 123 1577 si
146 1516 182 1576 ab
206 1516 442 1595 orthographicis
464 1515 638 1593 quibusdam
669 1524 698 1575 et
720 1515 888 1594 vulgaribus
910 1514 1096 1576 librariorum
1128 1535 1175 1576 er·

99 1618 218 1679 roribus
234 1618 413 1690 discesseris
432 1619 501 1679 satis
516 1625 653 1678 accurate
668 1617 775 1682 rettuli.
807 1619 874 1678 talia
890 1618 968 1678 enim
985 1638 1039 1679 suo
1055 1618 1173 1697 quidem

99 1720 165 1781 loco
189 1738 276 1798 qnam
305 1720 524 1782 accuratissime
552 1719 727 1794 exhibenda,
756 1738 815 1797 quo
845 1721 882 1780 de
912 1720 1015 1780 tradita
1044 1720 1172 1781 lectione

99 1832 181 1885 cerlo
213 1831 330 1884 constet
359 1823 451 1883 etad
481 1840 699 1901 quamcumque
728 1822 929 1901 quaestionem
964 1822 1174 1883 instituendam

100 1924 221 1986 materia
236 1933 338 2006 parata
353 1925 400 1997 sit,
423 1924 474 1986 sed
490 1944 551 1985 non
569 1942 687 2003 semper
701 1925 864 2002 repetenda
879 1943 943 1985 esse
958 1924 1044 1984 duco.
1082 1924 1175 1984 inter·

99 2029 216 2107 polatae
238 2027 423 2089 recensionis
444 2027 591 2107 integram
613 2027 742 2106 speciem
766 2036 989 2106 repraesentare
1005 2026 1096 2099 nolui,
1120 2045 1174 2087 suo

99 2130 170 2199 loco
188 2131 349 2209 specimina
372 2131 514 2208 quaedam
537 2130 710 2209 apposuisse
731 2138 900 2190 contentus.

184 2233 273 2312 longe
296 2233 439 2293 incertior
467 2250 556 2311 qnam
585 2232 621 2293 de
651 2232 749 2293 verbis
771 2232 961 2294 restituendis
983 2233 1116 2311 quaestio
1138 2232 1175 2292 de

99 2334 233 2396 versibus
248 2335 357 2414 spuriis
371 2336 475 2396 oritur.
509 2345 538 2395 et
553 2334 648 2395 illatos
660 2353 723 2395 esse
739 2335 769 2394 in
786 2334 930 2396 luvenalis
945 2343 1058 2396 saturas
1072 2352 1176 2395 versus

101 2434 226 2515 abipso
251 2456 310 2496 non
335 2437 462 2515 scriptos
493 2455 598 2497 omnes
625 2436 681 2496 iam
712 2438 914 2509 consentiunt,
942 2454 1044 2496 verum
1067 2435 1118 2496 ubi
1140 2437 1174 2496 ad

101 2537 236 2616 singulos
257 2556 359 2598 versus
387 2538 585 2599 aestimandos
613 2547 732 2598 ventum
762 2546 815 2612 est,
842 2538 1021 2599 dissentiunt
1043 2538 1175 2620 plerum-

103 2657 171 2719 que.
216 2656 287 2700 sane
310 2657 419 2718 anceps
448 2639 484 2699 de
511 2640 618 2700 talibus
640 2639 782 2701 iudicium
805 2648 859 2714 est,
887 2641 1062 2720 praesertim
1084 2641 1115 2702 in
1139 2660 1174 2702 eo

100 2749 197 2821 poeta,
221 2741 271 2820 qni
294 2750 407 2802 certum
430 2740 566 2802 ordinem
588 2751 618 2804 et
639 2751 804 2803 accuratam
833 2743 1008 2822 disponendi
1031 2744 1177 2805 rationem

101 2845 266 2905 contemnit
288 2852 383 2918 elea,
406 2862 481 2923 quae
509 2845 630 2924 propria
653 2863 791 2906 romanae
818 2855 934 2907 saturae
957 2855 1010 2918 est,
1039 2846 1176 2906 libertate

101 2964 270 3008 sermonem
292 2947 464 3008 familiarem
493 2958 576 3026 grata
606 2948 792 3028 neglegentia
822 2949 965 3009 fundendi
994 2948 1040 3008 vel
1061 2949 1174 3027 ingrata

100 3049 288 3129 neglegentia
309 3049 458 3124 abutitur;
482 3061 543 3110 mm
567 3069 603 3110 ex
626 3050 773 3111 rhetorica
795 3051 951 3130 disciplina
974 3051 1092 3128 loquax,
1122 3052 1173 3113 ubi

102 3161 304 3231 opportunum
326 3152 426 3212 locum
443 3161 547 3214 nactus
569 3171 633 3214 esse
648 3153 704 3213 sibi
720 3153 843 3227 videtur,
866 3155 954 3214 finem
971 3154 1176 3214 accumulandi

102 3272 163 3314 non
181 3253 310 3330 invenit;
333 3253 462 3332 denique
477 3255 528 3332 qui
543 3255 706 3316 sententias
728 3264 835 3334 captat.
874 3275 935 3316 non
953 3256 1059 3315 mirum
1076 3255 1175 3334 igitur,
1245 3336 1248 3340 λ

101 3355 125 3416 si
149 3355 185 3414 de
208 3355 383 3434 quibusdam
399 3356 471 3417 locis
494 3356 738 3436 quotiescumque
753 3357 920 3418 accedimus
943 3358 1085 3416 diversam
1108 3376 1176 3418 sen-

102 3458 224 3518 tentiam
247 3458 379 3520 lerimus.
424 3477 481 3537 qua
504 3477 537 3520 re
565 3460 751 3532 factumest,
778 3470 812 3520 ut
839 3462 896 3520 iam
927 3458 1015 3537 paulo
1045 3460 1175 3521 severius

103 3577 191 3637 qnam
207 3571 292 3622 antea
309 3579 410 3623 versus
424 3561 569 3623 insiticios
584 3561 870 3625 circumscriberem.
902 3578 1079 3640 quamquam
1095 3563 1174 3624 volui

102 3661 239 3740 equidem
264 3663 337 3724 nibil
361 3682 500 3743 umquam
529 3664 595 3725 ideo
625 3665 773 3738 damnare,
802 3665 883 3742 quod
912 3664 1040 3726 libenter
1066 3683 1175 3739 careas,

102 3765 182 3842 qnod
215 3774 321 3844 poetae
353 3765 493 3827 iudicium
528 3777 558 3827 et
590 3784 711 3827 sensum
740 3766 790 3844 qui
823 3767 889 3827 talia
924 3766 1066 3827 addiderit
1101 3767 1176 3827 vitu-

101 3865 270 3947 perandum
298 3886 435 3942 censeas,
468 3869 520 3929 sed
555 3885 588 3928 ea
621 3875 735 3928 tantum
764 3868 863 3947 spuria
892 3869 1032 3942 iudicavi,
1062 3887 1175 3947 quaea

101 3975 201 4049 pom,
222 3967 312 4031 modo
335 3978 416 4031 recte
433 3969 613 4050 cogitaverit,
637 3970 824 4032 nullomodo
847 3971 936 4033 scribi
958 3989 1049 4049 posse
1069 3971 1189 4045 quassu.
