2528 4364
490 746 707 820 russii

305 961 872 1055 SATVRARVM

527 1167 662 1234 nrnnn

588 1375 602 1445 Ι

60 1510 84 1571 0
110 1527 196 1570 curas
216 1509 383 1584 hominum,
406 1529 425 1570 o
448 1519 591 1588 quantum
614 1510 711 1572 estin
733 1509 944 1571 rebusinane.

57 1588 137 1673 ‘quis
160 1595 237 1673 leget
259 1585 366 1654 haecl'
392 1595 453 1654 min
477 1604 510 1655 tu
533 1595 610 1655 istud
633 1593 696 1655 ais?
720 1613 808 1655 nemo
830 1595 960 1656 hercule.
986 1583 1131 1656 ‘nemol'

59 1680 105 1740 vel
127 1681 185 1740 duo
209 1681 254 1739 vel
277 1697 374 1740 nemo.
418 1672 519 1758 ‘turpe
542 1691 571 1740 et
593 1671 777 1740 miserabile?
826 1677 939 1758 quare?

58 1783 97 1826 ne
119 1765 191 1825 mihi
213 1765 386 1845 Polydamas
409 1774 438 1824 et
459 1765 600 1826 Troiades
623 1764 790 1825 Labeonem

57 1847 275 1930 praetulerint?
299 1869 404 1929 nugae.
451 1869 512 1911 non
536 1852 560 1912 si
584 1850 654 1929 quid
676 1849 792 1911 turbida
816 1850 909 1910 Roma
1120 1860 1135 1912 t

58 1936 160 2010 elevet,
183 1936 305 1996 accedas
329 1954 488 1997 examenve
511 1934 682 2014 improbum
704 1935 734 1995 in
758 1935 806 1995 illa

58 2021 182 2099 castiges
205 2021 326 2094 trutina,
350 2040 405 2081 nec
427 2029 456 2082 te
479 2021 657 2100 quaesiveris
680 2028 770 2081 extra.

59 2124 127 2166 nam
148 2106 259 2167 Romae
282 2106 415 2185 estquis
438 2105 523 2167 non?
546 2105 627 2167 acsi
650 2107 693 2167 fas
715 2105 814 2166 dicere
837 2104 951 2166 -sed
974 2105 1017 2166 ias

60 2201 133 2251 tunc
156 2210 222 2252 cum
246 2191 282 2251 ad
304 2192 443 2252 canitiem
467 2200 497 2252 et
518 2200 653 2253 nostrum
677 2192 755 2252 istud
778 2191 874 2251 vivere
896 2191 979 2252 triste

60 2277 160 2355 aspexi
182 2295 216 2337 ac
239 2275 367 2337 nucibus
389 2276 512 2337 facimus
536 2294 740 2357 quaecumque
762 2275 880 2349 relictis,
1107 2284 1135 2336 to

60 2380 127 2422 cum
150 2361 279 2440 sapimus
301 2371 440 2440 patruos3
463 2370 536 2422 tunc
557 2371 630 2422 tunc
652 2361 861 2441 —ignoscite
883 2395 925 2406 -
944 2348 1056 2419 ‘nolo'.

146 2533 156 2586 l
182 2535 196 2588 1
220 2531 308 2588 inane.
353 2525 432 2592 ὅσον
446 2527 485 2593 τὸ
500 2525 604 2593 κενόν.

61 2617 134 2672 hunc
155 2633 262 2672 versum
285 2617 317 2673 de
339 2616 424 2673 Lucili
445 2616 532 2692 primo
555 2616 704 2682 transtulit,
732 2624 759 2673 et
780 2615 849 2673 hene
871 2617 940 2672 vitae
962 2615 1022 2672 vitia
1044 2615 1137 2672 incre-

61 2718 128 2777 pans
151 2701 183 2757 ab
207 2702 381 2758 admiratione
399 2701 500 2777 incipit.
588 2705 606 2759 4
628 2700 716 2758 Labeo
733 2701 868 2758 transtulit
882 2701 989 2758 iliadem
1005 2710 1032 2757 et
1047 2702 1136 2777 Odys-

60 2787 125 2843 siam
147 2785 259 2842 verbnm
282 2804 313 2843 ex
335 2787 417 2843 verbo
439 2787 551 2845 ridicule
573 2787 647 2843 satis.
685 2788 741 2844 eius
764 2797 804 2844 est
820 2787 863 2843 ille
879 2804 987 2843 versus:
1008 2776 1136 2852 ‘crudum

58 2872 203 2928 manduces
225 2872 360 2928 Priamum
383 2873 533 2947 Priamique
555 2868 688 2948 pisinnos’
711 2871 759 2946 [Il.
783 2876 811 2936 4,
836 2871 897 2947 35].
985 2875 1002 2930 6
1027 2888 1136 2929 examen

60 2966 101 3013 est
122 2957 212 3032 lingua
235 2957 276 3014 vel
297 2958 399 3024 linum,
430 2960 503 3032 quod
532 2959 645 3015 mediam
673 2958 774 3014 hastam
803 2959 835 3014 ad
857 2959 994 3032 aequanda
1017 2957 1136 3030 pondera

59 3051 144 3100 tenet.
233 3046 249 3100 7
274 3043 403 3116 castigare
426 3051 466 3100 est
489 3043 572 3118 digito
594 3043 689 3099 libram
717 3051 874 3118 percutere,
904 3052 935 3099 ut
963 3049 1136 3116 temperetur.

147 3128 247 3184 trutina
268 3126 399 3194 foramen,
422 3128 490 3185 intra
514 3129 588 3202 quod
610 3128 694 3185 linum
716 3129 759 3185 vel
780 3129 882 3204 lingua,
907 3129 939 3183 de
962 3145 1016 3201 qno
1040 3126 1137 3183 exami-

60 3213 132 3269 natio
156 3220 205 3269 est.
297 3216 333 3271 10
358 3214 473 3270 catamiti
495 3214 593 3288 quibus
620 3215 733 3271 licenter
755 3213 902 3270 utebantur
923 3213 1033 3286 antiqui,
1057 3228 1136 3269 rece-

62 3298 154 3354 dentes
177 3315 192 3354 a
213 3298 286 3372 turpi
307 3298 415 3354 servitio
437 3315 520 3355 nuces
542 3299 712 3373 spargebant,
735 3308 766 3356 ut
786 3297 967 3374 significarent
981 3315 1010 3353 se
1025 3297 1136 3370 puerilia

61 3390 157 3438 cuncta
179 3400 307 3457 spernere
329 3393 356 3440 et
377 3383 403 3438 in
425 3384 510 3440 robur
533 3384 606 3441 virile
627 3386 726 3442 venire.
809 3387 844 3440 11
864 3382 953 3457 patrui
973 3382 1059 3440 severi
1072 3393 1137 3442 sunt

152 3562 163 3614 l
179 3567 376 3630 praescriptum
388 3563 469 3616 Persii
486 3563 570 3615 Flacci
588 3568 674 3632 satyra
692 3564 801 3630 incitpit)
821 3567 845 3611 ot
862 3559 1052 3618 Thebaidorum
1064 3564 1135 3619 Persi

61 3635 146 3682 satura
159 3632 221 3681 Pin
233 3648 284 3697 quo
300 3634 466 3698 praecedunt
477 3634 623 3683 adoliambi
640 3636 688 3698 qui
704 3631 781 3693 infra
799 3631 911 3682 edentur
981 3637 998 3686 4
1016 3635 1048 3686 de
1059 3636 1136 3686 Attio

62 3699 185 3751 Labeone
209 3699 244 3761 ef.
262 3716 380 3752 museum
402 3703 477 3756 rhen.
495 3701 529 3752 39
545 3718 572 3766 p.
590 3701 643 3754 289
666 3701 744 3763 (adde
761 3701 869 3751 titulum
894 3700 957 3754 cit.
979 3701 1050 3754 XIV
1060 3703 1136 3769 2405)

62 3772 78 3820 6
97 3783 254 3835 examenque
272 3776 317 3834 etp
381 3773 395 3822 'l
415 3770 571 3836 quaesiuerit
591 3775 614 3819 α
690 3771 705 3820 8
723 3784 810 3820 romae
828 3774 868 3822 est
886 3777 909 3820 α
930 3770 1086 3834 P(romaest
1103 3772 1137 3838 Β)

63 3841 103 3888 est
121 3852 172 3890 om.
192 3842 212 3899 ς
264 3852 294 3888 ac
313 3845 336 3888 ct
355 3839 387 3889 P:
407 3846 434 3889 at
450 3838 495 3888 oet
512 3837 543 3888 alr
562 3840 581 3900 ς
633 3833 733 3889 9Tunc
751 3838 782 3888 P:
801 3836 866 3890 Turn
880 3846 904 3889 α
957 3842 987 3890 11
1002 3839 1136 3905 ignoscite,

62 3903 123 3956 nolo
142 3921 177 3955 ece
192 3920 248 3956 una
263 3922 380 3970 persona
399 3906 450 3958 alit

916 3987 948 4038 X&
