2528 4364
118 227 159 285 52
602 223 706 276 Puttsu

117 419 170 461 seu
192 417 292 459 ceraso
317 405 442 477 peccent
463 398 567 471 casiae,
592 397 707 458 nescire
730 407 859 476 paratus.

114 478 201 545 ‘tune
223 483 302 544 bona
324 482 480 544 incolumis
502 480 641 543 minuas‘.l
664 493 694 542 et
715 483 831 544 Bestius
855 490 961 559 urguet

119 570 255 629 doctores
278 568 396 628 Graios:
417 561 481 628 “ita
503 569 549 643 fit;
573 575 728 646 postquam
751 586 855 647 sapere
878 566 945 627 urbi

119 673 185 716 cum
208 655 311 733 pipere
334 663 364 713 et
385 653 489 733 palmis
511 653 592 713 veuit
614 660 748 712 nostrum
771 653 828 713 hoc
850 652 940 713 maris
963 671 1078 732 expers,

119 739 283 800 faenisecae
306 757 404 799 crasso
426 737 567 798 vitiarunt
590 737 723 814 unguine
746 728 870 815 pultes.’³
1165 749 1195 799 4ο

120 825 192 885 baec
214 825 315 884 cinere
338 823 461 884 ulterior
483 812 613 882 metuas?
654 830 684 882 at
705 830 746 895 tu,
770 841 853 883 meus
875 823 961 882 heres

119 909 253 988 quisquis
277 909 343 982 eris,
367 908 486 987 paulum
509 926 524 966 a
547 907 632 968 turba
656 907 805 968 seductior
827 907 904 968 audi.

119 994 247 1068 chone,
271 1012 342 1054 num
366 990 508 1072 ignoras?
530 992 616 1052 missa
639 1000 685 1053 est
706 1010 721 1051 a
744 992 866 1053 Caesare
888 992 988 1052 laurus

120 1079 267 1156 insignem
292 1078 329 1138 ob
354 1078 464 1139 cladem
487 1078 650 1138 Germanae
672 1077 769 1156 pubis,
793 1089 822 1137 et
845 1079 904 1138 aris

120 1163 243 1242 frigidus
266 1163 413 1223 excutitur
436 1162 519 1236 ciuis,
542 1181 577 1222 ac
599 1162 654 1222 iam
678 1161 813 1240 postibus
835 1180 923 1236 arma,

120 1249 176 1309 iam
200 1248 367 1328 chlamydas
390 1266 503 1326 regum,
526 1247 583 1307 iam
606 1247 683 1308 lutea
706 1265 832 1325 gausapa
856 1248 947 1327 captis

121 1332 282 1411 essedaque
306 1334 502 1412 ingentesque
524 1332 603 1393 locat
625 1331 766 1392 Caesonia
788 1332 919 1393 Rhenus.

121 1418 165 1478 dis
187 1419 277 1496 igitur
299 1418 447 1496 genioque
470 1417 553 1478 ducis
576 1429 695 1477 centum
718 1417 800 1496 paria
823 1416 861 1477 ob
885 1435 933 1478 res

121 1505 239 1582 egregie
260 1513 356 1581 gestas
378 1504 496 1564 induco.
535 1502 601 1581 quis
621 1500 722 1563 vetat?
744 1501 828 1563 aude.

119 1606 181 1663 vae,
205 1588 261 1650 nisi
284 1589 412 1649 conives.
450 1588 547 1648 oleum
571 1597 778 1666 artocreasque
801 1587 919 1666 popello
1168 1594 1196 1644 50

120 1673 240 1753 largior.
279 1692 315 1734 an
340 1671 504 1753 prohibes?
527 1673 574 1734 dic
597 1673 683 1733 clare.
719 1666 794 1732 ‘nou
818 1662 904 1732 adeo'
930 1670 1030 1750 inquis

206 1850 244 1905 36
269 1848 357 1903 solent
378 1844 547 1920 pigmentarii
570 1860 661 1901 ceraso
685 1843 781 1900 casiam
804 1844 963 1908 admiscere,
994 1843 1064 1899 sicut
1085 1849 1113 1898 et
1133 1839 1196 1896 alias

119 1948 220 1989 merces
243 1931 404 1988 adulterant.
542 1933 579 1990 37
605 1928 684 1985 verba
706 1928 791 1993 avari,
822 1946 890 2002 quae
918 1928 968 1984 sibi
989 1945 1004 1983 a
1025 1943 1075 1984 suo
1099 1925 1197 1982 herede

121 2016 192 2072 dicta
227 2016 317 2090 lingit:
356 2024 422 2071 tune
460 2030 517 2070 rem
550 2012 704 2070 familiarem
737 2014 768 2070 ad
801 2030 843 2070 me
877 2023 921 2070 tua
953 2021 1041 2077 morte
1073 2009 1197 2068 defluxu·

119 2116 176 2156 ram
197 2097 323 2166 minuas‘l
412 2100 449 2157 38
474 2116 506 2155 eo
528 2099 609 2155 modo
633 2099 746 2172 contigit
766 2106 797 2155 ut
818 2106 953 2157 externam
974 2097 1131 2172 sapientiam
1146 2113 1197 2171 pa-

82 2258 85 2265 .
120 2186 185 2240 riter
208 2201 267 2240 cum
289 2183 438 2257 peregrinis
459 2183 593 2241 mercibus
615 2200 771 2241 emeremus.
892 2187 931 2242 40
955 2200 1044 2241 crasso
1065 2183 1196 2256 unguine.

121 2269 183 2343 quia
205 2286 265 2326 cum
287 2269 394 2326 rusticis
416 2269 505 2326 oleum
527 2269 650 2334 deluerit,
673 2270 777 2344 adipem
792 2270 925 2345 pecudum
940 2269 967 2325 in
983 2269 1071 2343 pultes
1086 2268 1197 2325 missum

120 2372 171 2430 pro
195 2355 255 2412 oleo
278 2355 420 2429 accipiunt.
493 2358 528 2414 41
556 2354 637 2411 verba
658 2356 741 2412 Persii
762 2357 796 2412 ad
817 2372 934 2420 avarum,
958 2355 1055 2428 quise
1078 2354 1111 2411 de
1134 2370 1198 2410 ver-

120 2439 161 2496 bis
183 2441 225 2498 sui
246 2440 360 2506 heredis,
384 2457 417 2497 ne
439 2440 582 2514 largiretur
603 2440 685 2514 inopi,
709 2440 861 2498 excusabat.
885 2448 911 2496 et
932 2438 985 2495 hoc
1008 2439 1083 2495 dicit:
1116 2456 1198 2496 uum·

121 2526 186 2600 quid
208 2536 352 2601 postquam
373 2526 496 2600 sepultus
518 2526 610 2593 lucris,
634 2527 726 2582 timeas
749 2543 784 2584 ne
805 2527 861 2582 sine
883 2524 1032 2581 honoribus
1054 2523 1133 2580 heres
1151 2523 1199 2581 tibi

121 2610 198 2668 iaciat
230 2609 417 2685 sepulturam?
548 2613 587 2670 43
611 2629 627 2669 o
650 2611 687 2666 mi
715 2612 806 2676 heres,
836 2628 871 2667 ue
899 2619 926 2667 te
947 2611 1015 2667 scire
1037 2609 1196 2672 dissimules,

122 2711 256 2768 cognosce
278 2696 395 2753 Caesaris
417 2698 546 2770 grandem
569 2699 602 2753 de
625 2696 760 2754 Germanis
783 2695 957 2770 triumphum.
989 2695 1199 2768 propterquod

121 2779 221 2852 templa
247 2779 325 2835 donis
353 2789 380 2837 et
408 2797 468 2838 arae
497 2781 610 2837 victimis
631 2781 665 2840 ab
688 2781 813 2838 omnibus
836 2781 1014 2837 cumulantur.
1048 2789 1076 2836 et
1097 2796 1148 2854 ego
1171 2780 1198 2836 iu

120 2863 253 2920 honorem
276 2865 389 2921 deorum
411 2865 452 2921 vel
474 2865 602 2940 principis
624 2867 704 2939 genio
727 2866 853 2924 sacrificia
874 2882 1005 2941 praeparo
1028 2864 1116 2922 omnia
1132 2881 1199 2922 ceu-

122 2956 184 3005 lena
206 2958 331 3015 mactare,
354 2949 381 3006 id
403 2959 445 3006 est
465 2959 574 3007 centum
597 2960 688 3008 tauros
710 2960 865 3008 etcertum
888 2968 961 3008 oves.
1048 2953 1088 3008 45
1111 2950 1199 3025 cupti-

121 3050 217 3091 vorum
239 3052 312 3091 arma
335 3035 370 3090 ob
391 3035 518 3092 indicium
539 3035 666 3094 victoriae
686 3037 713 3092 iu
735 3037 858 3111 postibus
879 3036 1040 3111 figebantur.
1109 3037 1150 3094 46
1166 3034 1199 3092 ad

121 3120 293 3195 splendorem
316 3120 443 3195 triumphi
465 3129 551 3178 vestes
574 3121 678 3179 nobiles
699 3123 782 3196 ipsius
803 3139 872 3179 uxor
892 3121 1020 3197 principis
1048 3129 1198 3196 praeparat.

122 3222 238 3280 gausapa
259 3205 323 3262 dicit
344 3223 430 3279 genus
452 3206 525 3280 pillei
547 3225 602 3280 qno
624 3208 789 3282 captivorum
812 3207 897 3282 capita
917 3208 1108 3265 induebantur.

208 3294 245 3350 51
272 3291 359 3348 omnia
380 3291 483 3367 populo
505 3294 660 3366 expendam.

209 3439 241 3490 36
260 3440 347 3506 piceut
365 3448 388 3492 α
464 3443 551 3492 castae
567 3444 591 3493 P
668 3443 699 3492 37
719 3439 966 3493 Tune-minuas?
984 3445 1011 3491 et
1026 3441 1059 3493 41
1079 3438 1147 3491 llaec
1165 3467 1198 3476 -

123 3508 241 3557 metuas?
263 3510 335 3560 inter
351 3525 379 3559 sa
403 3512 572 3574 transposuit
588 3509 727 3571 Sinnaces,
751 3525 846 3560 uersus
864 3510 966 3560 37-40
985 3511 1124 3574 pastoriae
1147 3509 1200 3558 huc

123 3576 263 3624 accessisse
280 3579 395 3627 coniecit
413 3578 439 3629 C.
457 3578 490 3628 F.
509 3579 678 3628 dermannus
746 3583 772 3628 et
790 3579 850 3628 al':
870 3576 916 3628 sed
932 3591 950 3642 p
1021 3579 1054 3630 39
1066 3577 1156 3642 pipere
1167 3591 1199 3641 p:

123 3640 196 3707 piper
215 3644 269 3693 αΡ
343 3647 376 3696 40
395 3660 479 3697 crassa
498 3649 553 3698 αΡ
627 3648 659 3697 4t
678 3643 836 3697 lllcmerlde
855 3645 1003 3697 ulteriora
1081 3646 1114 3697 43
1134 3643 1201 3695 Obe-

123 3723 184 3759 num
202 3710 304 3774 ignoras
323 3718 347 3761 α
457 3715 491 3765 44
508 3712 613 3765 caudem
633 3712 805 3779 Plaudemp
918 3714 951 3764 46
970 3711 1092 3764 clamides
1110 3711 1201 3763 Pcla-

122 3776 204 3828 mides
223 3785 246 3828 α
348 3780 430 3845 ceptis
449 3782 473 3830 P
493 3783 649 3832 Ρνίεοίαηπιε
670 3797 699 3846 p.
717 3780 768 3833 333
786 3787 813 3833 et
827 3780 892 3834 350:
918 3781 996 3833 uictis
1015 3786 1039 3830 α
1057 3779 1099 3831 uel
1123 3779 1200 3832 uictis

122 3847 259 3910 mergol)
326 3850 357 3899 47
376 3848 494 3913 ingentes
511 3851 569 3900 siae
588 3865 638 3917 que
657 3856 681 3900 α
750 3849 845 3902 rhenus
864 3857 888 3900 α
958 3849 1079 3916 «ispania
1101 3850 1201 3900 emin

116 3927 204 3981 ¹tccrsa
223 3915 283 3966 add.
306 3918 336 3966 in
358 3919 482 3980 margine
505 3919 529 3968 P
551 3919 633 3985 patria
653 3925 677 3968 α
781 3920 814 3971 49
837 3917 980 3984 Aegregiae
1002 3920 1026 3969 P
1046 3915 1154 3983 Egregia
1176 3922 1200 3966 α

191 3986 224 4035 50
237 3983 343 4036 conlues
357 3991 380 4034 α
433 3987 463 4036 51
478 3983 572 4052 largior
584 3987 608 4036 P
617 3988 774 4038 Priscianus
783 4002 813 4053 p.
827 3985 889 4038 479:
902 3985 995 4052 largiar
1008 3992 1032 4036 α
1085 3982 1168 4036 audeo
1180 3985 1205 4036 P
