2528 4364
135 201 174 261 18
619 198 724 252 PERSll

131 370 227 438 ‘bunc
250 383 355 455 optent
376 393 520 453 generum
542 393 593 435 rex
617 384 646 436 et
668 375 781 454 regina,
803 374 919 453 puellae

134 463 215 523 bunc
237 461 369 540 rapiant;
392 460 534 540 quidquid
556 461 711 522 calcaverit
731 461 788 533 hic,
811 478 878 520 rosa
900 453 976 520 ilat'.

134 556 178 609 ast
200 566 255 627 ego
279 546 387 607 nutrici
410 565 471 607 non
494 547 604 606 mando
626 555 701 606 vota.
740 554 859 624 negato,

133 633 276 714 luppiter,
298 633 369 692 baec
391 631 442 705 illi,
467 632 599 710 quamvis
620 640 650 691 te
673 631 766 692 albata
788 631 908 709 rogarit.

176 718 274 798 poscis
296 736 384 797 opem
406 717 504 777 nervis
526 735 695 796 corpusque
718 716 803 777 fidele
825 725 970 777 senectae.

134 813 205 876 esto,
229 821 292 883 age.
329 803 380 864 sed
403 800 530 879 grandes
552 802 671 881 patinae
693 810 868 878 tuccetaque
890 820 988 863 crassa

134 890 264 950 adnuere
286 888 333 948 bis
355 905 479 967 superos
500 895 621 947 vetuere
643 888 802 965 lovemque
824 895 988 948 morantur.

175 993 239 1035 rem
261 981 376 1035 struere
391 980 520 1074 exoptas
543 990 627 1033 caeso
650 971 724 1032 bove
747 972 986 1051 Mercuriumque

132 1059 260 1121 accersis
280 1059 370 1119 fibra:
391 1050 440 1119 ‘da
463 1058 617 1118 fortunare
640 1065 730 1137 penat
731 1057 765 1130 is,
1185 1069 1216 1120 45

134 1231 283 1288 dibaeresin
305 1230 421 1286 nominis
444 1239 471 1286 33
499 1246 513 1285 3
543 1231 650 1286 nomine
678 1246 828 1302 cognomen
857 1229 995 1295 disiunxit,
1025 1239 1056 1286 ut
1077 1230 1215 1305 Vergilius

134 1309 717 1390 [31333316113331333331131113333
742 1315 826 1372 suasit
846 1315 935 1372 Delius
966 1325 1014 1372 aut
1035 1315 1161 1372 Cretae'
1154 1335 1216 1374 rus-

132 1401 167 1458 sit
188 1401 325 1458 confidere
346 1390 470 1476 Apollo'.
514 1401 650 1457 interdum
673 1399 810 1474 epitheton
833 1418 847 1457 a
869 1401 992 1466 nomine,
1022 1410 1054 1456 33
1076 1399 1158 1476 [Aeo.
1184 1405 1213 1468 3,

135 1475 240 1559 6281‘
244 1503 294 1543 nec
316 1485 376 1543 talia
397 1503 493 1560 passus
516 1486 604 1542 Vlixes
633 1484 764 1543 oblitusve
792 1485 834 1542 sni
863 1495 904 1544 ast
931 1486 1036 1542 Ithacus
1059 1486 1215 1545 discrimine

133 1565 232 1628 333333
264 1571 332 1628 33313
348 1580 403 1628 est:
426 1589 501 1645 spem
515 1588 630 1628 macram
643 1581 707 1627 voto
722 1570 837 1645 supplici
857 1571 987 1628 modom
1003 1588 1112 1645 campos
1129 1573 1214 1630 modo

133 1657 160 1713 in
182 1656 261 1714 aedes
275 1656 368 1714 Licinii
383 1657 469 1713 Crassi
490 1657 571 1714 mittit
594 1656 698 1714 dicens:
722 1657 755 1712 da
776 1656 814 1712 illi
836 1665 965 1732 quantum
982 1657 1091 1714 Crassus
1105 1656 1214 1715 babuit.
1255 1667 1256 1674 ’

218 1745 257 1801 39
280 1750 322 1799 ast
342 1759 403 1817 ego,
426 1743 521 1816 inquit,
546 1749 716 1815 contemptor
731 1741 880 1798 divitiarum
895 1742 959 1798 nolo
975 1759 990 1799 a
1005 1742 1054 1799 diis
1068 1741 1131 1798 talia
1147 1743 1214 1800 mibi

131 1828 273 1902 impetrare
296 1830 438 1894 nutricem,
461 1827 604 1901 arguitque
624 1825 772 1900 imperitos,
796 1826 843 1900 qui
864 1827 989 1884 nesciunt
1010 1827 1075 1901 quid
1090 1827 1127 1885 sit
1142 1845 1215 1886 con-

132 1929 264 2012 sequens
272 1921 374 1987 optare
420 1930 476 1969 non
496 1913 606 1969 mando.
635 1910 717 1968 verbo
740 1928 806 1967 usus
829 1920 870 1969 est
879 1913 1057 2010 aruspicum,
1087 1929 1152 1969 cum
1175 1915 1214 1971 eis

132 1998 229 2055 dicitur
253 1987 364 2054 ‘mando
389 1997 436 2053 tibi
457 2005 489 2054 ut
514 1997 656 2053 marimum
678 1996 765 2052 lovem
788 1983 902 2061 audias³,
925 2007 957 2054 ut
982 1997 1214 2072 quemadmodum

133 2083 332 2156 procurationis
354 2082 465 2138 assertio
487 2081 527 2146 lit,
550 2081 585 2137 ita
608 2080 654 2138 fiat
675 2089 703 2139 et
724 2082 751 2136 13
773 2082 855 2138 333313
877 2091 905 2139 33
926 2084 953 2138 13
975 2099 1065 2157 prece.

159 2215 162 2221 .
219 2170 256 2224 41
288 2166 375 2232 fidele,
405 2166 548 2223 robustum
575 2165 688 2223 validum
719 2167 793 2241 qnod
821 2168 951 2224 sustineat
978 2177 1112 2225 senectam
1144 2187 1216 2244 qnae

132 2250 235 2308 morbis
270 2250 394 2308 omnibus
428 2251 556 2350 abuudat3
587 2253 660 2308 uude
687 2251 787 2309 dictum
816 2262 856 2310 est
885 2251 962 2327 [Ter
993 2253 1108 2309 Pborm.
1141 2254 1217 2330 574]

126 2332 296 2395 ‘senectus'
288 2354 347 2411 ipsa
368 2336 480 2393 morbus
503 2324 570 2394 est'.
658 2339 697 2395 42
721 2346 836 2395 tucceta.
858 2340 927 2436 apud
951 2339 1040 2395 Gallos
1063 2338 1217 2427 Cisalpinos

131 2421 232 2480 bubula
254 2423 351 2480 dicitur
371 2439 434 2479 3333
457 2422 633 2479 condimentis
656 2423 815 2496 quibusdam
845 2425 940 2480 crassis
962 2424 1043 2480 oblita
1065 2440 1097 2480 ac
1119 2442 1217 2484 mace-

132 2518 205 2574 rata,
237 2517 264 2565 et
283 2509 343 2566 ideo
367 2517 425 2566 toto
448 2525 518 2565 anno
541 2509 629 2565 durat.
658 2508 728 2565 solet
755 2509 834 2565 etiam
861 2508 974 2583 porcina
996 2510 1089 2566 eodem
1112 2526 1217 2582 genere

133 2594 240 2651 condita
263 2595 372 2654 servari.
416 2603 463 2652 aut
484 2603 663 2651 assaturarum
685 2594 754 2651 iura.
776 2595 839 2651 binc
861 2594 964 2651 Plotius
980 2593 1087 2668 Vergilii
1109 2595 1216 2654 amicus

131 2679 159 2734 in
183 2680 273 2736 eadem
295 2681 405 2752 regione
428 2689 469 2736 est
490 2681 642 2736 nominatus
658 2680 754 2737 Tucca.
813 2681 910 2736 iterum
927 2680 959 2736 de
975 2680 1113 2736 bominum
1130 2691 1215 2755 opta-

132 2764 267 2829 tionibus,
296 2781 357 2821 cum
390 2772 483 2838 petant
515 2774 546 2820 ut
576 2764 661 2821 fortes
690 2765 744 2820 sint
773 2781 889 2839 corpore
916 2773 944 2820 et
965 2765 1056 2821 eadem
1078 2764 1214 2824 fortitudo

132 2865 220 2922 usquc
241 2856 395 2924 perseveret
415 2849 442 2904 in
464 2857 608 2905 senectam.
651 2850 698 2906 sed
719 2849 772 2906 boc
795 2867 809 2904 a
831 2848 880 2905 diis
902 2866 958 2906 nou
979 2859 1071 2924 potest
1086 2852 1214 2917 concedi,

133 2935 197 2991 dum
219 2933 315 2991 cotidie
338 2932 446 3009 crapula
474 2934 593 3007 ipsorum
623 2949 722 3007 corpus
752 2934 910 3008 corrumpit.
1018 2937 1058 2992 44
1081 2945 1148 2994 3333
1171 2937 1214 2994 3111

133 3020 179 3096 qui
201 3027 319 3094 poscunt
346 3018 396 3075 sibi
425 3019 583 3093 patrimonia
612 3019 705 3091 augeri
732 3034 787 3075 nou
816 3019 874 3076 sine
896 3021 1007 3087 damno,
1038 3029 1065 3077 et
1086 3029 1214 3095 petentes

136 3105 237 3163 divitias
259 3105 311 3179 ipsi
336 3104 412 3178 prius
441 3104 600 3199 impendunt
621 3103 748 3161 sacrificia
771 3104 829 3161 diis.
880 3114 906 3162 et
927 3105 997 3162 bene
1025 3107 1056 3161 ad
1085 3105 1214 3164 invidiam

133 3208 209 3250 caeso
232 3190 301 3248 bove
324 3190 406 3255 dixit,
436 3189 512 3262 quasi
534 3198 644 3247 auctore
666 3190 705 3246 rei
727 3188 875 3254 familiaris,
906 3190 1010 3247 cultura
1033 3189 1104 3246 euim
1126 3191 1214 3249 boum

133 3278 268 3334 ditescunt
287 3276 420 3333 homines.
486 3274 617 3331 Mercurio
640 3274 700 3331 ideo
724 3275 789 3332 dixit
810 3274 968 3333 sacrificium
997 3274 1101 3339 iacere,
1134 3277 1212 3352 quod

138 3363 203 3420 daus
226 3361 366 3428 33313331,
396 3361 533 3436 quomodo
563 3377 645 3433 supra
674 3360 739 3416 311313
765 3360 908 3418 Herculem
936 3350 1121 3458 [o.10]‘et
1150 3379 1167 3420 ο
1191 3362 1215 3419 31

132 3446 183 3504 3313
211 3457 298 3504 rastro
326 3456 418 3521 crepet
445 3446 549 3520 argenti
576 3445 640 3501 mibi
666 3447 732 3503 seria
762 3447 856 3503 dextro
879 3433 1022 3502 llercnle'.
1056 3447 1103 3502 sed
1133 3447 1214 3504 illum

134 3531 199 3588 dixit
219 3532 368 3590 absconditi
395 3531 464 3588 lucri
493 3547 551 3588 esse
578 3531 740 3604 praesidem,
773 3531 932 3589 blercurium
962 3539 1050 3588 autem
1080 3531 1213 3590 evidentis

132 3616 231 3674 lucelli

219 3767 251 3816 31
271 3765 411 3844 optentP:
429 3768 501 3831 optet
520 3772 543 3815 α
614 3766 646 3816 39
664 3780 715 3815 333
733 3763 824 3816 3313131
844 3762 1017 3843 mandoqu.
1089 3766 1122 3815 40
1142 3763 1211 3818 haec

134 3849 184 3886 om.
204 3840 228 3883 α
298 3832 400 3898 rogabit
418 3840 441 3883 α
511 3837 540 3885 41
556 3831 643 3884 Ρ33311
662 3840 685 3883 α
755 3835 788 3885 42
807 3830 959 3898 grandesP:
977 3832 1088 3898 pingens
1108 3839 1132 3882 α
1152 3833 1215 3900 pin-

133 3908 237 3968 gues&
323 3904 355 3954 43
374 3901 496 3954 mirantur
513 3904 680 3953 Pmorantur
693 3917 719 3966 p
818 3903 850 3952 45
868 3899 986 3951 43333313
1005 3906 1028 3949 α
1115 3898 1212 3954 fibram

133 3971 158 4021 Ρ
171 3968 269 4038 fibrap
339 3969 370 4022 de
389 3977 412 4020 α
