2528 4364
135 176 174 236 48
620 169 725 223 PERSll

135 350 294 430 dispositae
317 349 459 429 pinguem
481 344 620 405 nebulam
644 361 783 403 vomuere
805 342 946 403 lucernae

136 446 289 518 portantes
310 433 411 507 violas,
433 430 617 508 rubrumque
640 429 773 507 amplexa
796 427 927 490 catinum

137 522 229 583 cauda
253 528 334 580 natat
356 516 471 598 thynni,
495 524 589 576 tumet
611 514 674 575 alba
697 513 793 574 fidelia
816 513 894 586 vino,

140 607 219 668 fabre
243 623 343 665 moves
365 604 470 664 tacitos
492 601 676 678 recutitaque
698 598 818 660 sabbata
841 598 942 677 palles.

140 704 202 753 tum
226 689 304 769 nigri
326 690 455 750 lemures
477 704 592 764 ovoque
613 685 746 764 pericula
767 692 869 762 rupto,

138 786 201 840 tum
225 775 352 854 grandes
374 774 441 853 galli
465 782 583 832 etcum
606 771 695 831 sistro
717 770 798 831 lusca
821 767 959 830 sacerdos

137 863 290 923 incussere
313 861 385 921 deos
406 857 537 918 inflantis
559 873 695 934 corpora,
719 855 743 916 si
765 873 827 915 non

138 947 322 1029 praedictum
347 952 394 1005 ter
416 961 503 1003 mane
525 950 615 1021 caput
635 939 798 1019 gustaveris
819 939 866 1000 ali.

182 1032 290 1092 dixeris
312 1030 384 1090 baec
407 1027 485 1088 inter
507 1028 654 1087 varicosos
677 1024 879 1097 centuriones,

141 1117 286 1178 continno
308 1130 441 1175 crassum
463 1111 539 1172 ridet
561 1111 737 1172 Pulfennius
758 1110 865 1188 ingens

139 1211 169 1262 et
191 1210 312 1262 centum
335 1199 463 1259 Graecos
486 1205 570 1257 curto
594 1205 732 1257 centusse
753 1195 869 1256 licetur.

138 1440 262 1497 lucernas
289 1455 414 1496 accensas
443 1446 470 1494 et
491 1435 567 1492 violis
593 1442 734 1492 coronatas
756 1435 783 1489 in
805 1433 930 1490 fenestris
952 1439 1068 1506 ponunt.
1161 1431 1218 1490 182

141 1535 206 1582 tunc
227 1524 340 1581 rubrum
362 1523 451 1588 tietdo,
475 1522 548 1596 quod
571 1531 612 1578 est
628 1520 792 1583 Arretinum,
815 1518 900 1575 cauda
922 1517 1017 1592 thynni
1038 1515 1219 1591 amplectitur.

229 1613 288 1669 184
310 1610 478 1682 recutitaque
499 1606 618 1664 sabbata.
640 1605 763 1661 instituta
785 1605 945 1661 ludaeorum
960 1602 1092 1676 signifieat
1106 1610 1220 1678 propter

140 1697 376 1760 circumcisionem,
401 1710 481 1769 quam
502 1701 627 1749 auctores
649 1707 714 1746 snos
735 1689 821 1746 secuti
842 1688 953 1746 faciunt.
1088 1688 1148 1746 185
1171 1689 1220 1746 Le·

140 1799 230 1839 mures
264 1783 392 1838 dicuntur
425 1780 459 1835 dii
489 1794 593 1841 manes,
623 1792 693 1849 quos
715 1775 807 1832 Graeci
830 1776 986 1849 δαίμονας
1008 1780 1121 1839 vocant,
1149 1773 1222 1831 velut

140 1868 252 1924 umbrae
274 1866 404 1941 quendam
429 1863 592 1920 divinitatem
613 1859 750 1916 habentes.
778 1860 901 1916 Lemuria
922 1859 1153 1917 autemdicuntnr
1168 1859 1221 1916 dies

141 1953 250 2027 quando
272 1967 364 2007 manes
387 1949 537 2023 placantur.
681 1961 788 2019 ovoque
809 1945 929 2020 pericula
954 1952 1046 2019 rupto.
1068 1943 1221 2001 sacerdotes

143 2038 190 2110 qui
218 2033 386 2109 explorandis
415 2031 539 2106 periculis
569 2047 643 2086 sacra
665 2029 807 2096 faciebant,
831 2031 975 2087 observare
996 2028 1121 2087 solebant
1143 2046 1221 2086 ovum

142 2120 196 2193 igni
218 2120 382 2194 impositum,
405 2126 498 2173 utrum
521 2116 606 2190 capite
628 2132 662 2171 an
683 2116 767 2173 latere
790 2116 942 2173 desudaret.
964 2115 987 2171 si
1006 2122 1094 2172 autem
1110 2123 1222 2190 ruptum

143 2204 291 2269 effluxerat,
314 2201 464 2278 perieulum
486 2202 511 2259 ei
532 2200 719 2276 portendebat,
743 2218 793 2275 pro
816 2219 870 2276 quo
892 2201 991 2258 fectum
1007 2199 1104 2264 fuerat,
1128 2201 1169 2257 vel
1184 2201 1221 2257 rei

143 2289 264 2346 familiari
285 2289 351 2346 eius.
464 2289 522 2347 186
547 2286 654 2343 sistrum
683 2287 837 2343 secerdotes
859 2287 933 2343 lsidis
955 2285 1110 2361 portabant.
1147 2285 1222 2343 lusce

143 2384 241 2440 autem,
265 2376 338 2450 quod
362 2391 454 2431 omnes
477 2371 577 2430 debiles
599 2381 646 2430 aut
669 2372 802 2429 deformes
825 2388 885 2429 cum
907 2372 1017 2428 meritos
1039 2387 1095 2428 non
1111 2371 1222 2428 invene·

133 2462 206 2527 rint,
236 2462 269 2519 ad
297 2460 443 2518 ministeria
472 2460 585 2517 deorum
615 2476 644 2515 se
667 2458 817 2514 conferant.
861 2456 903 2514 vel
925 2458 999 2531 quod
1022 2457 1148 2531 Aegyptii
1170 2465 1223 2513 tam

144 2548 209 2604 deos
239 2564 318 2622 qnam
345 2546 499 2603 sacerdotes
526 2545 559 2602 de
587 2544 715 2601 monstris
736 2543 860 2599 habeant.
994 2543 1050 2601 187
1075 2542 1180 2607 dicunt,
1202 2541 1224 2598 si

143 2631 222 2687 alium
244 2633 326 2689 ieiuni
348 2632 522 2704 gustaverint,
546 2639 640 2687 contra
661 2639 745 2687 artem
767 2629 895 2701 magicam
915 2627 1065 2685 remedium
1086 2644 1157 2685 esse.

233 2718 290 2774 189
315 2717 337 2771 si
366 2716 431 2772 haec
459 2725 521 2772 ante
549 2715 648 2771 stultos
675 2715 771 2770 milites
798 2714 882 2776 dicas,
910 2714 957 2787 qui
979 2713 1068 2770 solent
1090 2712 1169 2769 etiam
1193 2713 1224 2769 de

144 2798 308 2872 sapientibus
337 2800 442 2863 ridere,
473 2808 604 2873 quantum
632 2799 767 2856 cachinnis
795 2799 953 2872 indulgeant
974 2798 1093 2856 dicentes
1115 2808 1224 2856 centum

145 2883 320 2958 philosophos
350 2893 457 2940 centum
486 2900 610 2940 nummos
638 2900 693 2940 non
720 2883 819 2941 valere.
926 2885 1026 2942 varices
1053 2893 1118 2941 sunt
1143 2900 1225 2942 venae

144 2968 241 3026 mixtae
263 2969 352 3025 nervis
375 2969 402 3023 in
424 2968 536 3042 pedibus
560 2969 640 3025 nimio
663 2968 756 3026 labore
777 2976 921 3027 tumentes.
1051 2972 1107 3028 191
1134 2977 1223 3027 curto.

145 3064 279 3131 tamquam
301 3055 447 3127 nonaginta
469 3071 575 3111 novem.

233 3290 280 3342 183
297 3291 341 3341 nat
360 3295 384 3339 α
463 3287 587 3354 tymniP
666 3286 1007 3355 184recutita1que1'pr.
1090 3289 1139 3340 185
1158 3287 1225 3355 peri-

147 3355 205 3407 culo
225 3366 246 3406 α
318 3358 367 3410 186
385 3355 451 3408 'lum
470 3362 505 3406 ot:
524 3355 630 3408 llincP
703 3356 830 3423 systroP
904 3356 1032 3407 luserant
1111 3357 1161 3408 188
1180 3355 1226 3408 alit

147 3422 233 3477 Ptilli
251 3425 276 3476 B
352 3429 399 3480 190
417 3423 546 3492 pnlfenins
564 3426 597 3475 P:
616 3423 736 3476 fulfenius
756 3429 780 3473 ot
851 3426 897 3476 191
919 3438 995 3476 coreo
1008 3429 1033 3474 α
1045 3438 1097 3475 nno
1110 3425 1226 3475 meia-

147 3503 199 3539 nus
218 3493 292 3545 GLff.
311 3495 354 3545 ΙΙΙ
365 3510 394 3560 p.
413 3492 465 3546 410
556 3491 650 3559 ligetur
669 3498 693 3542 ot
711 3498 801 3543 centus
819 3491 928 3558 eligetur
946 3493 969 3544 P
984 3492 1056 3556 quod
1073 3497 1225 3544 correctum

149 3559 189 3607 ort
204 3560 233 3610 in
252 3566 357 3614 centuse
374 3562 466 3615 licetur
