2528 4364
533 163 665 217 sulvat
685 163 717 216 Vl

89 355 155 398 rem
177 337 303 416 duplica.
333 304 423 410 ¹‘seci;
447 337 503 396 iam
526 336 644 416 triplex,
667 337 724 396 ianr
747 336 817 396 mihi
841 344 955 415 quarto,

90 423 150 483 iam
172 423 269 483 decies
292 422 368 483 redit
390 423 420 482 in
444 439 563 499 rugam;
587 423 725 501 depunge
747 421 798 481 ubi
821 410 940 482 sistam.³

91 508 239 582 inventus,
262 506 435 587 Chrysippe,
458 507 501 567 tui
524 507 625 567 finitor
646 507 751 567 acervi.
1140 516 1169 567 80

91 679 119 735 in
148 687 248 736 catasta
275 678 462 753 ponebantur,
491 686 523 734 ut
546 680 634 734 omnia
658 678 684 733 in
707 679 744 735 eis
767 686 879 751 possent
899 678 1018 734 membra
1040 679 1168 752 conspici.

177 763 218 820 vel
247 764 309 838 quia
338 763 508 837 Cappadoces
536 764 690 820 dicerentur
719 762 818 820 hahere
846 762 965 818 studium
992 763 1113 820 naturale
1135 765 1170 820 ad

92 849 157 905 lalsa
190 849 340 906 testimonia
373 847 544 922 proferenda.
588 849 634 922 qui
667 848 761 904 nutriti
787 864 800 903 a
822 848 936 921 pucritia
968 849 995 903 in
1028 850 1169 905 tormentis

92 933 215 990 eculeum
243 933 292 990 sibi
321 933 409 990 iacere
438 934 579 998 dicuntur,
609 941 641 990 ut
667 935 693 989 in
724 950 755 990 eo
778 933 939 989 seinvicem
961 940 1121 1006 torquerent
1143 943 1170 991 et

92 1036 154 1075 cum
177 1019 202 1072 in
218 1035 305 1092 poena
319 1019 507 1093 perdurarent,
529 1019 562 1074 ad
576 1017 643 1074 salsa
657 1018 810 1074 testimonia
824 1035 855 1074 se
868 1017 938 1074 bene
952 1035 1049 1075 venum
1066 1018 1169 1075 darent.

177 1103 317 1176 plausisse.
346 1104 471 1178 quoniam
502 1104 608 1160 venales
636 1113 780 1177 antequam
807 1103 835 1158 in
862 1112 961 1161 catasta
985 1104 1168 1177 imponantur,

93 1196 203 1245 cantant
223 1189 341 1245 universi
362 1189 463 1262 pariter
485 1205 561 1245 more
582 1190 670 1263 gentis
692 1205 765 1244 suae.
875 1191 913 1248 79
937 1189 964 1244 in
986 1205 1081 1262 rugam
1103 1189 1170 1246 alle-

92 1273 200 1346 goricos
223 1273 287 1330 dixit
308 1290 323 1329 a
344 1275 472 1338 vestibus,
496 1274 570 1347 quod
593 1274 625 1330 ad
647 1291 741 1347 rugam
768 1273 910 1347 plicantur.
1019 1275 1057 1332 80
1083 1274 1168 1349 Chry-

92 1358 186 1432 sippus
208 1358 387 1433 philosophus
409 1359 593 1433 syllogismum
615 1359 717 1416 soriten
736 1358 850 1423 vocavit,
874 1376 955 1433 quern
975 1377 1025 1433 per
1039 1359 1170 1416 adiectio-

92 1459 154 1498 nem
187 1451 215 1499 et
247 1444 438 1500 detractionem
472 1461 503 1501 ex
535 1445 622 1500 acervi
654 1442 821 1500 frumentarii
850 1443 1019 1501 similitudine
1043 1444 1170 1500 ostendit.

93 1543 158 1600 ergo
180 1538 262 1600 poeta
283 1528 336 1585 hoc
358 1529 437 1585 dicit:
462 1536 677 1602 quantacumque
699 1546 778 1584 avaro
802 1528 962 1584 abundantia
985 1537 1088 1586 crescat
1102 1530 1171 1585 sub-

92 1613 214 1678 stantiae,
244 1630 299 1669 non
322 1614 434 1670 satiatur
456 1624 483 1669 et
504 1613 542 1668 sic
564 1615 591 1668 in
613 1612 746 1670 infinitum
768 1613 919 1687 cupiditatis
941 1614 1099 1670 desiderium
1122 1632 1170 1670 ex-

93 1696 194 1763 tendit,
225 1707 255 1754 ut
284 1699 330 1772 qui
352 1700 409 1754 eius
431 1700 555 1754 avaritiae
577 1697 656 1754 finem
678 1697 795 1754 voluerit
815 1715 927 1772 ponere,
951 1698 1027 1755 facile
1048 1699 1169 1755 videatur

93 1782 171 1837 etiam
192 1783 378 1857 syllogismum
401 1783 541 1857 Chrysippi
563 1782 682 1840 definire.

181 1949 213 1998 79
231 1945 374 2015 depingep
445 1950 476 2000 80
496 1948 618 2000 luuentus
632 1949 687 1997 ocP
701 1963 770 1999 corr.
786 1963 806 2012 p
871 1946 995 2013 explicuit
1007 1947 1167 2008 (correctum

95 2015 125 2064 in
143 2014 257 2080 explicit)
275 2014 378 2066 Persius
393 2016 397 2082 Ι
414 2014 602 2068 Thebaidorum
620 2021 705 2067 satura
722 2015 726 2083 l
743 2016 851 2067 feliciter
869 2020 941 2067 utere
963 2015 967 2079 Ι
989 2029 1089 2081 semper
1107 2013 1168 2066 felix

95 2082 178 2146 Pquc'
192 2083 303 2148 prologi
320 2084 377 2134 loco
403 2086 512 2135 colibet
535 2089 672 2150 sequenter
696 2085 865 2136 edoliamhos.
934 2082 1006 2134 Persi
1024 2082 1108 2134 Flacci
1126 2096 1168 2137 sa·

93 2152 207 2268 {yssym
232 2150 237 2218 1
258 2151 363 2218 explicit
381 2152 496 2204 feliciter.
533 2152 593 2204 Vita
612 2151 726 2204 eiusdem
745 2160 769 2203 α
788 2155 905 2217 quitum
922 2154 1091 2216 subiungant
1108 2153 1168 2202 elao-

102 2231 158 2267 cum
175 2234 204 2269 oa
