2528 4364
101 197 141 256 16
588 199 692 253 PERSll

100 372 159 433 bile
181 383 290 448 tumet3
314 374 403 435 Nerio
425 374 482 434 iam
505 374 592 435 tertia
615 373 754 434 conditur
777 366 876 434 uxor'.

99 459 173 520 haec
196 467 299 519 sancte
321 468 355 519 ut
376 477 489 538 poscas,
513 459 654 520 'liberino
677 458 707 518 in
731 459 847 537 gurgite
869 458 978 538 mergis
1152 468 1181 520 to

99 563 187 605 mane
210 554 299 624 caput
319 544 364 606 bis
385 553 490 622 terque
512 553 542 605 et
565 552 682 605 noctem
705 544 827 604 flumine
848 561 968 622 purgas.

99 631 259 707 homage,
281 631 428 709 responde
451 665 492 675 -
514 630 669 691 minimum
692 628 836 706 estquod
863 629 939 689 seire
962 628 1065 689 laboro
1090 666 1135 678 -

98 715 135 775 de
157 715 224 776 love
247 715 316 794 quid
339 712 456 776 sentis?
479 724 563 776 estne
585 723 618 775 ut
638 732 824 794 praeponere
847 732 933 774 cures

98 801 179 861 huno
201 835 243 846 —
265 798 405 861 cuinam?
428 798 569 861 cuinam?
590 800 633 862 vis
656 798 756 860 Staio?
777 818 814 859 an
837 799 949 859 scilicet
971 798 1100 861 haeres?

99 886 165 964 quis
187 886 287 965 potior
308 885 405 958 iudex,
427 886 563 964 puerisve
586 886 652 964 quis
674 887 771 965 aptior
794 882 897 945 orbis‘l
1149 897 1180 947 tt

96 970 155 1031 hoo
177 970 278 1049 igitur,
300 989 360 1048 quo
382 980 415 1031 tu
438 970 514 1031 lovis
536 989 636 1032 aurem
660 970 813 1050 impellere
833 977 967 1049 temptas,

98 1055 145 1117 dio
167 1056 292 1135 agedum
315 1055 410 1116 Staio:
431 1047 499 1134 ‘pro
522 1055 663 1135 luppiter,
687 1074 705 1116 o
727 1047 814 1116 bone'
839 1055 946 1116 clamet

94 1133 261 1221 ‘luppiter'.
299 1150 328 1201 at
349 1159 414 1200 sese
437 1160 497 1201 non
521 1141 626 1202 clamet
646 1141 781 1220 luppiter
801 1137 886 1220 ipse?

96 1225 243 1304 ignovisse
266 1234 362 1305 putas,
385 1225 453 1304 quia
476 1243 543 1286 oum
566 1236 658 1300 tonat,
682 1226 764 1287 ocius
787 1225 845 1286 ilex

97 1311 218 1390 sulpure
240 1311 395 1371 discutitur
417 1329 500 1372 sacro
523 1330 610 1390 quam
633 1321 725 1390 tuque
746 1307 932 1389 domusque?
1146 1322 1177 1372 25

98 1414 136 1456 an
158 1396 226 1474 quia
249 1415 310 1456 non
334 1394 416 1457 libris
437 1395 534 1457 ovium
556 1396 756 1476 Ergennaque
777 1396 898 1457 iubente
1197 1405 1203 1420 ·

97 1533 147 1591 diis
176 1550 225 1606 pro
254 1534 355 1592 meritis
386 1534 520 1609 accipiunt
547 1535 690 1599 heredem,
725 1544 752 1592 et
779 1535 865 1609 primo
894 1543 1001 1590 mortuo
1035 1535 1177 1593 secundus

96 1619 224 1675 succedit.
328 1623 365 1678 14
388 1637 485 1676 nomen
508 1620 602 1679 fiotum
623 1630 672 1680 est.
715 1620 811 1677 Nerius
833 1619 941 1695 quidam
962 1626 1050 1676 morte
1072 1621 1178 1677 coniu-

95 1722 158 1779 gum
180 1703 360 1778 locupletatus
381 1704 532 1763 faenerator
554 1706 640 1762 factus
663 1715 704 1763 est
724 1705 888 1770 notissimus,
912 1705 944 1762 de
966 1721 1020 1778 quo
1043 1703 1176 1763 Horatius

95 1791 131 1847 ait
154 1789 218 1864 [sot.
242 1792 270 1855 2,
297 1793 324 1855 3,
350 1789 400 1866 69]
417 1785 521 1849 ‘scribe
543 1792 636 1848 decem
657 1785 764 1846 lt'erio'.
808 1789 861 1854 ille,
886 1790 989 1864 inquit,
1013 1788 1177 1848 nobilitatus

95 1877 223 1950 coniuges
244 1877 413 1941 tumulando,
436 1893 493 1932 mea
516 1893 585 1932 uxor
606 1892 657 1932 nec
677 1885 817 1949 aegrotare
838 1876 947 1948 patitur.
991 1875 1040 1930 dos
1061 1875 1137 1931 enim
1161 1894 1178 1934 a

95 1961 150 2018 cive
171 1962 291 2016 Romano
314 1962 388 2027 data,
419 1978 476 2017 non
499 1978 530 2017 en
551 1961 638 2034 patrio
661 1960 730 2016 diota
752 1961 874 2025 nomine,
904 1961 925 2016 si
947 1959 1091 2035 repudium
1114 1977 1176 2018 non

92 2045 276 2122 interemerit,
299 2054 497 2119 postmortem
518 2045 609 2102 uxoris
630 2046 664 2102 ad
685 2044 808 2102 maritum
824 2045 950 2120 pertinet.
1040 2048 1076 2104 15
1101 2053 1177 2102 tem-

93 2147 162 2203 pore
183 2146 238 2203 quo
260 2130 326 2187 baec
347 2130 469 2205 postulas
491 2139 529 2195 tu,
554 2130 674 2204 quisquis
696 2148 724 2187 cs
745 2147 848 2194 avarus,
872 2139 951 2204 putas
972 2139 1000 2187 te
1021 2137 1095 2187 caste
1117 2148 1176 2204 pe-

95 2223 168 2278 tere,
192 2215 215 2270 si
235 2214 307 2271 lotus
321 2215 440 2289 petieris.
461 2215 534 2272 lotus
557 2226 699 2289 propterea
720 2216 794 2290 quod
815 2228 950 2272 nocturno
972 2215 1044 2272 coitu
1066 2215 1104 2271 sis
1127 2217 1178 2273 in-

94 2300 229 2374 quinatus.
341 2303 378 2359 19
402 2317 499 2357 nomen
528 2299 635 2365 fictum,
668 2301 805 2375 quomodo
833 2318 915 2376 supra
942 2301 1031 2357 Nerio.
1076 2300 1177 2359 Aelius

48 2426 51 2431 -
93 2385 182 2443 Staius
210 2385 238 2442 in
261 2385 370 2442 luniano
397 2387 494 2442 iudicio
522 2395 549 2443 et
577 2387 713 2443 consortio
742 2386 824 2451 sedit,
854 2387 900 2460 qui
920 2386 1062 2460 pecuniam
1084 2402 1101 2442 a
1123 2404 1177 2445 reo

93 2482 120 2528 ct
147 2480 302 2529 accusatore
330 2471 432 2547 aceepit
462 2472 620 2547 decepitque
641 2481 797 2547 utrumqne.
841 2481 899 2528 erat
924 2489 990 2544 ergo
1020 2471 1092 2526 inter
1115 2488 1177 2529 no·

94 2557 211 2613 tissimos
234 2557 313 2615 cives.
357 2559 444 2614 Staius
467 2569 555 2615 autem
579 2566 689 2632 praetor
704 2556 846 2614 tutelarios
861 2556 921 2621 luit,
945 2557 1026 2612 Gutta
1040 2564 1068 2611 et
1083 2556 1176 2615 Albus

95 2651 122 2698 et
144 2643 225 2699 ceteri
247 2642 391 2716 praepositi
412 2643 523 2701 luerunt
543 2643 652 2708 iudices,
676 2643 769 2717 quiin
794 2643 903 2698 luniano
926 2641 1023 2698 iudicio
1046 2644 1178 2717 corrupti

93 2727 268 2800 Oppianicum
296 2728 495 2785 damnaverunt.
604 2729 643 2786 23
677 2727 832 2785 referuntm
858 2727 923 2784 baec
948 2727 980 2782 ad
1009 2734 1071 2782 vota
1101 2744 1177 2802 quae

92 2811 125 2868 ad
147 2810 229 2867 funus
251 2812 339 2884 patrui
361 2823 388 2869 et
410 2813 504 2886 pupilli
526 2814 673 2886 pertinent.
738 2822 765 2869 at
792 2829 867 2868 sese:
898 2812 981 2868 tacete
1010 2811 1072 2867 exit.
1104 2829 1176 2869 sen-

92 2914 138 2953 sus
161 2903 250 2952 autem
273 2904 328 2953 cst:
352 2897 406 2953 lovi
429 2913 485 2953 non
508 2897 627 2953 videatur
647 2897 829 2971 importunum
851 2898 924 2971 quod
945 2897 1018 2954 Staio
1040 2895 1175 2954 videtur?

179 2983 218 3039 25
249 2980 352 3038 sulfure
381 2999 431 3056 pro
465 2982 586 3040 fulmine.
652 2983 714 3055 quia
747 2983 809 3038 dum
841 2981 942 3039 fulmen
976 2981 1079 3045 cecidit,
1110 2982 1176 3040 loca

90 3067 176 3124 noina
205 3068 288 3123 odore
317 3066 427 3124 sulfuris
453 3068 611 3143 implentur.
655 3067 728 3124 unde
756 3085 861 3124 sacrum
889 3067 962 3123 dixit.
1071 3067 1113 3125 26
1142 3069 1174 3125 in

90 3170 142 3210 usu
164 3152 223 3218 fuit,
247 3161 278 3209 ut
298 3169 413 3227 augures
435 3153 477 3210 vel
499 3153 634 3226 aruspices
656 3151 762 3209 adducti
785 3154 817 3210 de
831 3153 935 3208 Etruria
958 3151 1037 3208 certis
1060 3162 1175 3227 tempo-

89 3237 165 3295 ribus
194 3236 304 3295 fulmina
332 3236 521 3312 transfigurata
554 3238 581 3293 in
608 3236 708 3310 lapides
735 3238 805 3294 inira
832 3246 931 3294 terram
959 3237 1173 3305 absconderent,

94 3324 169 3380 cuius
192 3323 218 3380 in
241 3323 380 3398 paratione
401 3324 440 3380 rei
464 3341 526 3380 oves
549 3321 763 3380 immolabantur.
807 3324 860 3379 boc
882 3340 946 3397 ergo
963 3323 1038 3378 dicit:
1063 3331 1091 3378 et
1106 3324 1173 3399 quia

91 3409 206 3466 necdum
226 3417 254 3466 te
274 3409 386 3466 fulmine
407 3409 561 3483 perculsum
582 3408 703 3482 sepelivit
724 3410 808 3465 caesis
829 3408 923 3465 hostiis
944 3408 1083 3482 Ergenna,
1108 3407 1174 3466 ideo

91 3492 195 3549 derides
217 3492 329 3552 lovem‘l
352 3495 491 3568 Ergennae
513 3510 612 3550 nomen
634 3494 764 3568 aruspicis
788 3494 878 3550 fiotum
899 3493 1048 3551 secundum
1064 3509 1172 3552 morem

89 3577 273 3635 Etruscorum.

109 3760 115 3771 υ
179 3695 212 3743 14
230 3691 331 3743 ducitur
349 3692 462 3744 Seruius
480 3693 560 3758 Varg.
581 3707 675 3758 georg.
694 3693 801 3744 1V256
872 3697 903 3745 15
921 3696 1048 3771 poscatdt
1101 3707 1171 3778 mer·

89 3764 185 3893 diti.
204 3761 415 3908 ...tdtttt
429 3765 572 3897 ...dist
584 3763 730 3891 titud}
743 3765 783 3812 ω
801 3765 871 3881 ”tt
890 3831 914 3880 ρ
959 3763 1173 3894 ¹⁹2t¹¹¹¹ttt¹dt

89 3964 157 4031 ΡΜ.
177 3896 209 3948 22
225 3898 333 4018 itualppmle’
348 3899 454 4018 {paiop
525 3901 557 3951 23
576 3897 608 3950 ad
627 3899 680 3948 αΡ
747 3898 780 3950 26
799 3898 903 3950 eonium
920 3898 944 3947 P
1021 3911 1172 3965 ergenaque
