2528 4364
127 216 167 276 10
611 215 716 270 Pllllsll

126 390 209 452 nilne
231 390 323 471 pudet
346 389 433 469 capiti
456 407 516 449 non
539 407 627 468 posse
647 389 778 469 pericula
800 407 876 449 cano

122 475 245 579 pellere,
269 476 342 554 quin
365 475 496 554 tepidum
519 473 577 534 hoc
599 483 683 553 optes
705 475 807 535 audire
823 463 1021 534 ‘decenter'l

137 561 184 621 tur
207 550 251 621 es'
277 561 319 621 ait
340 560 439 621 Pedio.
484 560 592 620 Pedius
614 557 706 638 quid?
729 559 854 620 crimina
875 559 948 620 rasis
1179 569 1208 622 ὥ

20 655 23 660 ’
124 644 265 706 libratio
290 645 450 717 antithetis,
473 645 574 706 doctas
596 645 731 723 posuisse
753 646 862 722 figuras

128 730 273 804 laudatur,
292 723 415 791 ‘bellom
439 728 522 791 hoc'.
566 727 778 790 bochellum?
802 747 849 802 an,
873 728 1007 801 Romule,
1031 728 1141 790 ceses?

125 833 194 876 men
218 813 355 876 moveat?
377 816 487 895 quippe
510 822 539 876 et
561 824 659 875 cantet
681 816 705 876 si
728 815 897 889 naufragus,
921 832 1041 875 assem·

127 897 325 980 protulerim?
348 911 458 972 cantas,
482 918 550 959 cum
572 901 663 960 fracta
684 909 714 959 te
737 901 768 960 in
790 898 874 959 trabe
896 898 1008 978 pictum

126 1004 160 1046 ex
184 1003 288 1046 umero
311 982 436 1064 portes?
458 1003 560 1045 verum
583 1003 639 1045 nec
661 993 750 1045 nocte
771 993 906 1063 paratum
1180 992 1208 1044 ac

125 1070 264 1150 plorabit,
288 1071 339 1150 qui
361 1089 408 1131 me
431 1070 508 1130 volet
529 1070 697 1130 incurvasse
721 1069 861 1149 querella.

164 1153 232 1216 ‘scd
257 1156 389 1216 numeris
410 1154 501 1216 decor
523 1163 567 1215 est
589 1164 618 1215 et
639 1156 776 1216 iunctura
799 1154 895 1214 addita
917 1154 1026 1214 crudis.

127 1241 269 1301 claudere
292 1240 334 1301 sic
356 1256 473 1300 versum
495 1239 597 1301 didicit
611 1233 834 1321 “Berecyntius
855 1229 952 1299 Attis''

128 1336 157 1386 et
174 1318 252 1403 “qui
275 1326 443 1386 caeruleum
465 1325 622 1385 dirimebat
643 1326 738 1386 Nerea
760 1321 913 1404 delphio''‚

129 1513 250 1590 ephebus
272 1515 330 1571 sine
358 1513 427 1588 pilis.
536 1515 575 1573 85
598 1513 695 1571 Pedius
723 1515 828 1589 quidam
851 1512 897 1570 illo
920 1521 1042 1587 tempore
1064 1512 1210 1569 damnatus

127 1608 169 1657 est
190 1600 365 1674 pecuniarum
388 1599 606 1673 repetundarum.
644 1602 687 1656 cni
709 1617 770 1656 cum
789 1599 922 1656 obiectum
938 1606 1008 1656 esset
1022 1596 1208 1665 latrocinium,
1232 1610 1254 1664 't

126 1700 182 1741 non
211 1702 241 1741 se
268 1683 374 1741 fortiter
402 1685 591 1759 respondendo
622 1686 761 1759 purgavit,
795 1685 842 1741 sed
870 1700 902 1740 ex
924 1682 1122 1758 compositione
1144 1699 1211 1740 ver-

125 1786 204 1827 suum
226 1770 344 1826 laveram
366 1769 519 1844 quaerebat,
543 1768 636 1843 liguris
659 1771 805 1826 dictionum
828 1770 954 1830 serviens,
979 1784 1091 1824 securus
1116 1767 1210 1825 crimi-

125 1872 190 1912 num
212 1856 387 1913 diversorum.
476 1858 514 1913 86
539 1856 667 1912 antitheta
690 1864 754 1910 sunt
776 1855 855 1911 haee:
877 1844 972 1910 ‘fortia
993 1851 1111 1925 neglecti
1133 1852 1213 1910 vela-

124 1939 190 1997 bant
218 1940 286 1997 colla
315 1939 418 2015 capilli:
449 1949 477 1995 et
505 1957 555 2013 per
576 1939 713 2011 neglectos
742 1939 867 1996 velabant
893 1940 961 1995 colla
990 1924 1126 2012 capillos³,
1149 1927 1213 1996 ‘aut

126 2027 252 2099 quotiens
275 2023 369 2081 umbra
391 2025 498 2097 porrexi
520 2022 628 2080 brachia
649 2034 735 2080 mota:
766 2033 812 2081 aut
841 2025 966 2098 quotiens
993 2023 1089 2080 umbra
1112 2023 1213 2081 reduxi

127 2108 233 2166 brachia
256 2105 354 2166 mota'.
399 2108 545 2165 anthitheta
569 2109 696 2166 dicuntur
718 2111 867 2166 contrariae
889 2110 1005 2183 figurae,
1035 2117 1066 2164 ut
1084 2096 1213 2184 ‘semper

125 2202 245 2268 egentes,
268 2193 367 2250 multos
390 2200 476 2249 autern
499 2181 708 2268 locupletantes³
739 2194 769 2269 [2
795 2194 920 2251 Corinth.
944 2197 971 2259 6,
999 2191 1059 2266 10].
1106 2194 1212 2252 dicun-

124 2288 172 2336 tur
194 2281 272 2335 etiam
294 2278 438 2341 antitheta,
462 2295 531 2353 quae
554 2289 647 2335 contra
669 2298 698 2338 se
720 2289 861 2354 ponuntur
882 2288 914 2337 ut
932 2269 994 2335 ‘bac
1017 2285 1093 2352 parte
1116 2279 1213 2353 pudor

124 2373 242 2439 pugnat,
274 2363 346 2420 illinc
367 2363 532 2439 petulantia;
553 2365 624 2420 ‘hinc
652 2365 793 2438 pudicitia,
823 2365 897 2420 illinc
919 2351 1058 2438 stuprom'
1088 2361 1210 2439 [Cicero

127 2449 211 2506 Catil.
235 2451 264 2515 2,
288 2448 350 2525 25].
471 2452 509 2508 87
534 2467 611 2506 ceves
633 2450 728 2507 molles
751 2459 778 2507 et
800 2449 949 2507 obscaenas
973 2449 1092 2505 clunium
1115 2459 1211 2508 motus

125 2535 265 2608 significat.
310 2552 344 2592 an
367 2543 406 2602 tu,
431 2536 556 2599 Romane,
579 2534 619 2590 vir
641 2552 697 2592 non
720 2533 770 2592 es‘l
851 2537 889 2594 89
913 2535 985 2608 apud
1005 2543 1111 2590 veteres
1135 2536 1212 2610 passi

124 2621 260 2694 naufragia
295 2619 426 2684 tabulam,
456 2638 509 2696 qua
540 2620 648 2677 fuerant
674 2621 787 2684 liberati,
816 2619 978 2694 pingebant,
1011 2635 1046 2675 ne
1080 2621 1213 2679 omnibus

126 2705 226 2761 cladem
249 2722 324 2761 suam
347 2706 527 2762 mendicantes
551 2714 714 2779 cogerentur
736 2723 853 2762 narrare.
942 2708 1090 2763 severum
1105 2722 1212 2764 nomen

124 2806 175 2864 pro
198 2789 322 2846 adverbio
351 2807 422 2847 vere.
553 2792 592 2849 92
621 2791 751 2847 obiectio:
782 2792 828 2847 sed
857 2791 916 2846 vide
944 2790 1006 2864 quia
1033 2806 1128 2846 versus
1159 2792 1213 2848 nisi

124 2873 255 2948 levigatus
277 2875 320 2939 sit,
343 2892 394 2948 pro
417 2874 499 2930 nihilo
522 2885 573 2931 est.
611 2876 835 2948 quemadmodum
847 2874 923 2931 cibus
938 2875 1104 2930 semicrudus
1120 2876 1212 2934 inter·

126 2958 190 3023 licit,
213 2959 252 3015 sic
274 2969 301 3017 et
322 2976 416 3015 versus
439 2960 606 3017 semicrudus
628 2959 728 3017 lacerat
742 2969 868 3016 mentem.
884 2976 1041 3016 sarcasmos.
1123 2964 1163 3020 93
1183 2962 1211 3019 bi

124 3062 218 3102 versus
241 3044 354 3119 exempli
377 3061 455 3101 causa
478 3053 628 3119 ponuntur.
672 3062 727 3101 non
751 3054 816 3101 sunt
837 3054 925 3101 autem
948 3045 1040 3110 Persii,
1063 3046 1111 3102 sed
1135 3064 1210 3121 poe·

124 3138 167 3187 tac
188 3131 278 3186 nescio
302 3131 378 3186 euius
400 3131 602 3202 graecissaotis.
633 3132 679 3203 qui
710 3147 771 3187 cum
793 3148 865 3186 mare
889 3129 1059 3193 describeret,
1083 3131 1120 3186 ita
1143 3132 1211 3190 dixit

125 3215 232 3291 delphin
256 3216 283 3271 in
307 3215 473 3272 extremitate
495 3231 631 3271 versuum.
719 3218 759 3275 94
777 3216 902 3272 Arionem
925 3215 988 3271 dicit
1009 3215 1208 3284 citharoedum,

125 3302 171 3375 qui
195 3317 256 3358 cum
279 3310 373 3375 captus
395 3309 467 3356 esset
495 3316 509 3357 a
538 3299 630 3374 piratis
659 3309 686 3357 et
713 3301 813 3358 vellent
842 3318 902 3357 eum
930 3301 1037 3357 mittere
1063 3301 1090 3355 in
1120 3319 1208 3367 mare,

125 3385 276 3460 impetravit
304 3395 336 3442 ut
358 3385 457 3442 cithara
481 3396 598 3443 caneret.
643 3387 779 3443 venientes
802 3396 891 3442 autem
919 3385 1056 3459 delphines
1089 3388 1211 3460 proiecit

212 3567 243 3619 85
263 3567 328 3618 rosis
347 3574 371 3617 α
454 3569 487 3620 86
505 3566 597 3618 doctus
616 3566 739 3632 Scaliger
808 3569 839 3620 87
858 3565 973 3617 Laudato
992 3581 1052 3618 oum
1069 3581 1081 3616 r
1100 3568 1132 3618 in
1148 3567 1208 3631 fine

126 3649 207 3700 super
224 3636 330 3686 adiecta
342 3637 366 3686 P
380 3634 542 3717 LaudatisKa
561 3634 691 3686 Laudatus
715 3636 812 3687 scheda
830 3636 970 3719 bobiensis
1040 3635 1136 3687 bellum
1156 3636 1211 3691 hoc

125 3702 221 3755 ΜΝ
242 3710 287 3782 ⁰⁶·
370 3704 479 3824 dtr
514 3710 630 3825 ‘blm
652 3704 850 3825 lt‘ttttt
882 3703 1212 3831 miiw‘hfi'f‘lf.

123 3771 523 3906 dd237bdeldlsaad³pdrscrdpsddp
594 3843 626 3892 91
646 3841 775 3908 querellas
793 3840 892 3891 scheda
902 3839 968 3892 Bou.
989 3787 1023 3838 po
1037 3840 1072 3893 92
1082 3788 1167 3897 erdrde
1180 3851 1209 3897 α

196 3911 226 3960 93
247 3908 398 3988 Cluderedt¹
455 3910 476 3960 si
496 3918 519 3961 α
574 3909 711 3960 dedicitdt
731 3909 809 3960 didici
826 3904 1211 4015 Pprimum‚bcanlpthlm

126 3977 192 4041 Ppr.
263 3979 297 4029 94
314 3977 400 4044 delphi
420 3985 443 4028 ct
982 3978 1071 4027 ·2'¹·'¹²
1111 3990 1117 4013 ¹
