2528 4364
520 217 653 272 snivai
672 219 682 270 l
1101 217 1139 274 11

66 394 108 455 sio
127 385 263 454 “costam
271 392 375 493 longo
398 390 591 452 subduximus
613 380 840 472 Appennino³'.³
1109 402 1139 452 95

60 476 158 538 ‘arma
178 467 348 538 virum’-
370 496 473 538 nonne
495 477 553 536 hoc
575 495 749 555 spumosum
771 485 801 536 et
822 475 932 539 cortice
955 478 1069 558 pingui,

66 573 100 624 ut
122 563 231 623 ramale
253 570 336 623 vetus
357 562 498 641 vegrandi
520 562 628 623 subere
650 559 790 623 coctuml

63 641 220 751 ‘quidnam
242 648 333 725 igitur
354 656 491 708 tenerum
515 656 544 708 ot
566 647 629 708 laxa
653 648 767 708 cervice
789 646 972 725 legendum?

63 726 171 794 “torva
193 733 389 793 Mimalloneis
411 733 573 810 implerunt
596 750 708 793 cornua
730 731 858 805 bombis,

67 827 97 878 et
119 827 234 897 raptum
256 818 347 878 vitulo
370 829 460 896 caput
480 817 612 878 ablatura
634 816 764 897 superbo

66 903 196 965 Bassaris
219 914 248 963 ct
268 903 384 1000 lyncem
407 903 525 964 Maenas
547 903 659 963 flexura
681 901 845 1002 corymbis

66 989 176 1050 euhion
198 988 370 1085 ingeminat7
392 987 565 1068 reparabilis
587 988 711 1048 adsonat
731 977 845 1048 echo''.'

64 1075 138 1134 hacc
160 1075 276 1148 fierent,
299 1074 322 1134 si
346 1073 472 1135 testiculi
495 1092 567 1134 vena
590 1073 649 1135 ulla
671 1074 789 1152 paterni

64 1265 95 1304 se
116 1247 143 1303 in
165 1263 238 1303 mare
259 1254 287 1303 et
308 1254 448 1319 susceptus
470 1245 575 1302 abillis
597 1247 628 1302 ad
650 1245 714 1303 litus
735 1262 822 1319 usque
844 1244 992 1318 perductus
1015 1252 1066 1301 est.

152 1331 191 1388 sic
223 1329 308 1387 robur
338 1331 435 1388 latinae
467 1331 625 1387 eviravimus
656 1330 765 1404 linguae
796 1329 1001 1386 intermiscendo
1032 1345 1141 1402 gracum

64 1416 207 1488 glossulas.
325 1418 363 1474 95
388 1415 475 1471 omnia
497 1415 667 1472 heroicorum
696 1416 810 1471 carmina
836 1415 871 1471 ita
899 1414 956 1471 fere
977 1422 1043 1471 sunt
1064 1432 1141 1471 com-

65 1501 171 1594 posita,
195 1508 226 1555 ut
246 1500 383 1575 proximus
404 1517 452 1572 pos
474 1499 507 1555 ab
529 1500 623 1556 ultimo
647 1499 766 1574 dactylus
787 1500 835 1563 sit,
860 1499 976 1574 exceptis
998 1501 1141 1558 admodum

66 1585 159 1658 paucis
182 1601 251 1658 quos
274 1583 479 1658 spondiazontas
508 1584 658 1659 appellant,
687 1593 719 1640 ut
746 1585 817 1659 apud
839 1584 990 1641 Cornelium
1013 1584 1141 1642 Severum

59 1664 154 1743 pinea
169 1668 292 1726 frondosi
315 1686 389 1725 coma
409 1677 562 1726 murmurat
576 1662 754 1744 Appennini'.
811 1669 923 1742 longum
938 1670 1138 1744 Appenninum,

62 1771 119 1810 non
141 1755 216 1829 quod
237 1772 252 1810 a
273 1770 373 1828 supero
395 1755 462 1810 mari
486 1753 520 1810 ad
542 1752 657 1810 inferum
680 1753 847 1818 extenditur,
869 1755 915 1810 sad
939 1755 1012 1828 quod
1034 1755 1140 1812 duobus

63 1840 191 1915 spondeis
215 1840 383 1899 terminetur.
499 1842 538 1898 96
562 1856 662 1904 nonne,
686 1839 782 1913 iuquit,
806 1839 833 1895 in
854 1839 907 1896 hoc
929 1847 971 1896 est
990 1839 1140 1896 laudandus

63 1923 197 1999 Virgilius,
222 1925 296 2000 quod
317 1924 353 1981 ita
373 1923 551 1981 inchoaverit:
575 1941 647 1980 arma
668 1923 808 1998 virumque
830 1941 907 1981 cano.
1025 1926 1064 1983 99
1087 1925 1140 1981 mi-

62 2009 191 2068 mallones
213 2010 349 2066 ministrae
371 2007 459 2066 Liberi
479 2009 562 2083 patris
585 2009 671 2066 dictae
693 2003 836 2070 ἀπὸτοῦ
856 2013 1037 2086 μιμεῖσθαι,
1068 2011 1141 2083 qnod

64 2094 232 2152 imitarentur
253 2093 373 2152 furorem
395 2094 482 2151 Liberi
505 2094 643 2168 [scholion
666 2092 887 2151 Callimccbeum
907 2095 946 2166 fr.
969 2093 1054 2168 4011.

149 2180 177 2236 hi
198 2198 292 2237 versus
314 2179 427 2236 Neronis
449 2189 524 2236 sunt.
611 2179 755 2237 Calandrns
776 2179 942 2254 lllyricorum
966 2197 1013 2236 rex
1035 2181 1068 2236 ad
1083 2180 1140 2237 lla·

65 2266 202 2322 codoniam
226 2282 286 2322 cum
310 2264 426 2322 exercitu
448 2266 531 2321 venit.
582 2265 621 2321 illi
650 2281 711 2321 cum
739 2282 860 2338 magnam
883 2273 986 2339 partem
1008 2267 1140 2323 exercitus

64 2367 121 2406 non
148 2350 292 2415 haberent,
321 2350 451 2424 plurimas
476 2349 601 2407 mulieres
630 2349 770 2406 cothurnis
799 2359 827 2406 et
854 2349 952 2423 thyrsis
980 2349 1009 2406 in
1030 2352 1139 2407 modum

63 2435 225 2495 baccharum
248 2442 421 2493 ornaverunt.
464 2433 503 2490 illi
525 2436 664 2492 credentes
692 2435 838 2491 exercitum
867 2435 1008 2491 adventare
1039 2436 1140 2492 disces-

66 2528 170 2575 serunt.
265 2519 392 2575 dicuutur
414 2526 442 2575 et
464 2517 644 2576 bombisonae.
688 2516 804 2575 bombus
827 2527 915 2575 autem
937 2535 1035 2575 raucus
1057 2537 1140 2577 sonus

67 2610 112 2660 est
133 2601 260 2659 tubarum
281 2620 331 2660 nec
353 2603 427 2658 valde
449 2612 554 2659 acutus.
639 2602 754 2660 llimallo
778 2603 875 2659 dicitur
892 2604 1019 2660 Bacchus.
1083 2605 1140 2679 ipse

66 2687 176 2744 Persius
197 2685 274 2743 finxit
294 2688 344 2744 hos
368 2705 460 2744 versus
488 2687 516 2742 in
545 2686 657 2744 aliorum
678 2687 866 2754 imitationem,
897 2705 1013 2764 quorum
1041 2691 1139 2764 scripta

66 2789 165 2829 sonum
186 2772 314 2847 grandem
335 2771 444 2836 hahent,
467 2789 576 2829 sensum
598 2773 712 2829 nullum.
837 2776 895 2831 100
919 2783 945 2831 et
967 2784 1074 2850 raptum
1095 2777 1138 2832 vi-

67 2857 136 2914 tulo.
179 2857 327 2915 Pentheum
350 2856 482 2931 significat
504 2861 610 2932 bgauae
632 2868 660 2915 et
680 2858 804 2916 Echionis
826 2857 924 2925 filium,
948 2860 993 2933 qui
1014 2860 1138 2918 Liberum

64 2951 168 3017 patrem
196 2941 313 3017 negabat
341 2943 436 3008 deum,
471 2961 550 3017 quem
578 2952 663 3001 mater
684 2943 781 3001 Libero
810 2943 922 3001 iaciente
949 2945 999 3001 sub
1026 2946 1139 3020 imagine

63 3027 139 3085 vituli
161 3028 309 3085 trucidavit
443 3030 500 3086 tot
527 3029 675 3086 Bassaridas
697 3046 790 3085 omnes
820 3029 935 3086 bacchae
958 3031 1043 3087 dictae
1064 3040 1137 3096 sunt,

64 3113 112 3170 sed
135 3123 162 3170 et
182 3114 239 3188 ipse
253 3112 333 3170 Liber
354 3123 431 3188 pater
452 3113 485 3169 ab
509 3131 540 3170 ea
561 3122 635 3171 veste
653 3114 726 3171 talari
743 3131 795 3188 qua
810 3114 905 3179 utitur,
930 3131 1009 3189 qnam
1025 3115 1139 3171 Thraces

64 3197 183 3254 bassariu
205 3209 312 3256 vocant.
351 3198 457 3273 quidam
479 3215 494 3254 a
516 3198 648 3272 vulpibus,
673 3216 786 3273 quarum
808 3197 922 3273 pellibus
945 3199 1059 3256 bacchae
1073 3217 1139 3255 suc-

65 3283 220 3356 cinguntur.
265 3282 358 3358 vulpes
380 3283 494 3340 Thraces
521 3281 645 3340 bassares
672 3285 773 3340 dicunt.
880 3284 946 3358 lynx
974 3294 1015 3340 est
1042 3284 1138 3342 animal

64 3366 160 3424 Libero
177 3377 371 3436 consecratum,
394 3369 465 3442 quod
489 3369 581 3426 currui
595 3369 652 3426 eius
667 3366 889 3442 subiungebatur.
1001 3372 1057 3428 103
1073 3369 1140 3426 haec

64 3451 169 3511 fierent.
192 3454 267 3528 quasi
288 3453 450 3528 increpantis
478 3454 567 3510 verba.
654 3453 680 3510 id
708 3463 757 3518 est,
787 3453 847 3509 talia
876 3463 997 3526 poemata
1025 3471 1041 3510 a
1069 3472 1138 3529 quo·

151 3635 183 3686 95
202 3631 245 3686 Sic
262 3633 360 3684 scheda
376 3633 455 3686 liuh:
474 3633 500 3686 Si
521 3635 577 3685 αΡ
655 3636 688 3687 96
706 3633 801 3684 cortice
819 3633 882 3684 PA:
900 3634 1037 3686 uerticeB
1104 3639 1135 3688 91

63 3701 187 3768 neyraudi
205 3703 358 3768 Porphyrio
376 3700 440 3754 Hor
463 3705 513 3753 snt.
536 3701 605 3766 12,
631 3702 694 3752 429:
720 3700 869 3767 praegrandi
889 3703 944 3752 αΡ
1043 3705 1076 3755 99
1094 3706 1137 3753 hie

63 3784 159 3823 norm
170 3767 256 3823 Torua
267 3768 433 3822 Mimalloniis
450 3769 555 3821 inflatur
573 3769 634 3820 tibia
654 3769 755 3820 bombis
773 3772 845 3819 inter
863 3769 1036 3836 Vergiliarum
1053 3776 1080 3820 et
1088 3773 1136 3821 Pa

65 3841 195 3891 nanim
209 3843 243 3891 ut
258 3837 409 3904 ammplam
424 3853 521 3889 uerene
539 3841 632 3888 teretis
650 3835 777 3897 adfertur
794 3839 866 3904 apud
876 3839 1031 3890 Diomedem
1046 3855 1073 3904 p.
1085 3840 1136 3891 499

68 3948 73 3955 .
131 3904 244 3961 Tarm
257 3904 382 3959 mont·
399 3903 525 3959 a’l'orba
543 3905 640 3956 mimal·
658 3905 766 3956 Piedi
786 3922 820 3956 en
838 3922 907 3957 corr.
1012 3910 1057 3959 191
1080 3907 1137 3972 lyn-

63 3972 111 4035 cla
126 3972 228 4029 Pllcat
244 3979 270 4027 α
338 3972 460 4041 corlmpls
477 3979 503 4024 α
