2528 4364
482 205 577 258 LIBER
594 207 604 258 l
640 206 772 259 servm
788 208 809 261 ll

107 375 223 458 inputo,
247 379 298 457 qui
319 378 402 438 vultu
423 378 561 439 morbum
583 379 762 457 incessuque
783 381 899 440 fatetur.

105 465 214 524 horum
237 463 409 543 simplicitas
432 462 616 537 miserabilis,
639 463 685 524 his
707 464 790 524 luror
813 465 875 545 ipse

106 549 157 609 dat
177 548 307 624 veniam;
331 550 382 609 sed
405 548 532 627 peiores,
555 548 606 626 qui
627 548 695 608 talia
718 549 816 611 verbis

106 633 243 694 Herculis
264 634 408 696 invadunt
429 642 459 694 et
480 635 517 695 de
539 634 646 693 virtute
668 634 758 694 locuti

106 718 227 778 clunem
250 719 371 796 agitant.
412 710 481 796 ‘ego
505 727 534 779 te
557 729 719 791 ceventem,
743 718 840 791 Sexte,
864 708 1023 780 verebor‘l'

105 803 225 865 inlamis
247 803 372 864 Varillus
394 804 434 864 ait
452 797 525 881 ‘quo
548 804 678 863 deterior
699 802 750 864 te‘l

107 887 272 966 loripedem
294 897 394 949 rectus
417 888 557 962 derideat,
579 888 755 967 Aethiopem
779 888 872 949 albus.

107 973 175 1051 quis
196 973 298 1033 tulerit
319 972 469 1035 Gracchos
490 974 527 1034 de
548 973 694 1034 seditione
717 972 898 1052 querentes?

108 1056 175 1136 quis
198 1058 311 1118 caelum
334 1058 421 1118 terris
444 1077 505 1118 non
528 1059 650 1119 misceat
672 1068 702 1119 et
722 1078 803 1120 mare
826 1060 917 1133 caelo,

107 1141 132 1202 si
155 1142 204 1201 lur
226 1143 379 1222 displiceat
400 1144 494 1216 Verri,
518 1143 665 1204 homicida
687 1144 799 1218 Miloni,

108 1225 227 1288 Clodius
249 1237 367 1288 accuset
390 1229 538 1302 moechos
562 1227 686 1290 Catilina
709 1230 880 1308 Cethegum,

69 1388 71 1392 ι
108 1313 140 1371 in
163 1310 291 1372 tabulam
314 1312 413 1373 Sullae
436 1314 460 1374 si
483 1314 583 1374 dicant
604 1314 740 1392 discipuli
761 1306 858 1375 tres‘l'

108 1396 203 1474 quahs
225 1405 287 1458 crat
309 1416 406 1476 nuper
427 1398 541 1477 tragico
563 1398 694 1476 pollutus
716 1399 831 1459 adulter

107 1481 279 1556 concubitu,
303 1483 353 1560 qui
375 1491 448 1543 tunc
471 1484 550 1562 leges
573 1484 729 1544 revocabat
750 1502 863 1545 amaras

109 1566 248 1628 omnihus
270 1578 359 1645 atque
381 1568 453 1645 ipsis
475 1567 583 1628 Veneri
605 1568 749 1646 Martique
773 1569 927 1643 timendas,

109 1669 178 1711 cum
201 1660 245 1712 tot
267 1652 407 1712 abortivis
429 1654 585 1712 fecundam
609 1652 680 1713 lulia
704 1654 816 1712 vulvam

108 1736 236 1796 solveret
258 1746 287 1797 et
309 1746 416 1816 patruo
439 1737 549 1798 similes
572 1738 737 1799 effunderet
759 1738 842 1800 ollas.

110 1839 213 1881 nonne
237 1821 326 1899 igitur
349 1823 413 1884 iure
436 1841 470 1884 ac
492 1824 598 1883 merito
620 1823 688 1884 vitia
710 1822 812 1883 ultima
835 1824 919 1882 fictos

111 1912 312 1967 contemnunt
334 1908 462 1969 Scauros
485 1917 514 1968 et
536 1908 675 1986 castigata
698 1905 891 1969 remordent?

154 2009 213 2051 non
238 1992 305 2052 tulit
327 2011 362 2052 ex
385 1994 442 2054 illis
462 2001 579 2056 torvum
602 1994 727 2055 Laronia
752 1994 899 2072 quendam

111 2075 286 2137 clamantem
308 2079 419 2140 totiens
438 2071 503 2138 ‘uhi
526 2098 608 2141 nuuc
631 2079 677 2140 lex
699 2077 793 2139 Iulia?
817 2065 963 2139 dormis‘l'

112 2168 201 2238 atque
224 2161 262 2221 ita
285 2161 459 2225 subridens:
480 2158 588 2225 ‘felicia
611 2176 756 2244 tempora,
780 2183 856 2242 quae
877 2175 908 2224 te

111 2244 244 2308 moribus
267 2259 435 2326 opponunt.
480 2248 586 2310 habeat
608 2250 663 2309 iam
688 2251 781 2311 Roma
803 2249 958 2328 pudorem,

111 2331 215 2392 tertius
237 2351 253 2393 e
276 2334 356 2394 caelo
380 2333 486 2394 cecidit
508 2334 588 2394 Cato.
633 2334 684 2395 sed
707 2345 803 2395 tamen
827 2333 908 2394 unde
1154 2339 1183 2390 to

198 2488 234 2543 21
259 2487 417 2543 inclinatum
440 2487 471 2542 ad
494 2495 619 2559 stuprum
642 2495 669 2542 et
695 2487 881 2543 sustinentem.
1012 2487 1049 2542 27
1076 2485 1184 2542 Clodius

111 2569 140 2626 C.
164 2570 281 2627 Caesaris
303 2587 415 2627 uxorem
438 2570 598 2627 adulteravit
620 2580 647 2627 et
667 2571 732 2628 licet
754 2571 889 2627 Ciceronis
912 2569 1064 2626 testimonio
1087 2587 1183 2643 grava-

110 2663 154 2710 tus
177 2655 227 2719 sit,
253 2663 341 2710 tamen
364 2654 503 2711 absolutus
525 2665 576 2711 est.
706 2655 813 2712 Clodius
837 2665 863 2712 et
885 2655 1006 2711 Clodium
1028 2651 1183 2712 accusabit?

111 2739 157 2812 qui
180 2747 207 2794 et
227 2738 254 2793 iu
277 2740 377 2814 templo
399 2739 487 2797 bonae
509 2740 572 2796 deae
595 2740 712 2796 Caesaris
734 2740 891 2797 adulteravit
913 2757 1034 2798 uxorem.

197 2824 236 2882 28
252 2826 476 2900 proscriptorum.
553 2825 648 2882 Caesar
663 2826 806 2901 Pompeius
821 2834 848 2883 et
863 2828 972 2883 Crassus
987 2827 1029 2883 vel
1044 2823 1183 2901 Augustus

109 2909 225 2983 Lepidus
249 2910 390 2968 Antonius.
527 2911 566 2970 29
591 2911 730 2968 Claudium
753 2912 889 2969 Caesarem
916 2912 993 2978 dicit,
1024 2914 1070 2987 qui
1098 2913 1183 2970 occisa

110 2995 249 3051 llessalina
270 3013 356 3053 uxore
378 2996 584 3071 impudicissime
600 2997 774 3071 Agrippinam
797 2997 886 3054 fratris
901 2998 1052 3054 Germanici
1072 3007 1184 3054 matrem

110 3079 223 3137 Neronis
245 3092 398 3139 revocatam
419 3078 453 3138 ab
474 3081 561 3138 insula
582 3082 609 3138 in
631 3083 830 3139 matrimonium
853 3084 956 3157 aceepit
977 3099 1105 3140 concesso
1127 3082 1185 3137 iure

110 3164 203 3222 talium
225 3167 380 3241 nuptiarum
404 3185 434 3225 ex
457 3167 505 3224 SC.
529 3185 609 3242 quam
631 3168 695 3224 dicit
716 3168 795 3224 etiam
817 3167 973 3242 frequenter
994 3166 1119 3223 abortum
1140 3164 1184 3221 le-

111 3249 187 3314 cisse,
211 3267 245 3307 ne
267 3269 299 3308 ex
321 3253 379 3327 ipso
403 3253 561 3310 coheredem
583 3253 683 3310 Neroni
710 3252 764 3309 tilio
786 3261 908 3327 pareret.
939 3252 981 3306 eui
1003 3249 1047 3306 illa
1070 3265 1182 3323 praepa·

110 3335 179 3389 ravit
200 3335 349 3408 imperium.
480 3337 643 3394 Domitianus
664 3337 755 3393 fratris
785 3337 862 3392 filiam
884 3335 977 3391 luliam
1004 3335 1031 3388 iu
1053 3332 1183 3390 adulterio

111 3426 263 3490 sumpserat
284 3422 419 3484 maritam,
450 3438 511 3477 eum
538 3422 596 3496 ipse
618 3423 651 3478 dc
672 3422 799 3478 adulteris
821 3422 894 3494 leges
916 3418 1094 3474 severissimas
1115 3435 1184 3493 pro-

110 3500 252 3575 mulgaret.
341 3505 380 3562 32
402 3505 468 3561 haec
490 3507 629 3579 potionem
650 3507 782 3581 accipiens
800 3506 926 3563 abortum
940 3502 1060 3571 iaciebat,
1084 3505 1192 3580 quippe

48 3591 51 3597 '
111 3604 179 3661 quae
201 3604 251 3660 per
273 3588 433 3645 adulterium
456 3590 630 3664 concipiebat.
730 3593 767 3649 35
792 3591 854 3664 quia
875 3589 1044 3646 severitatem
1066 3589 1183 3647 Scauro-

111 3690 172 3728 rum
194 3672 328 3730 simulaut.
417 3676 456 3731 40
479 3674 557 3731 multi
578 3674 689 3732 luerunt
704 3674 827 3740 Catones,
852 3692 866 3730 e
888 3672 985 3748 quihus
1001 3675 1054 3732 duo
1071 3675 1184 3732 nobilis-

199 3824 230 3873 tt
249 3821 348 3876 nultum
367 3823 433 3888 Ppr.
508 3821 540 3873 26
558 3820 684 3873 uerrieP
767 3823 799 3874 30
818 3821 957 3873 reuocabat
974 3823 1067 3873 Ptnm
1085 3823 1184 3873 adrosa

112 3885 251 3948 bractam
269 3896 336 3942 -orat
405 3891 436 3942 31
456 3889 506 3956 ipsi
520 3904 540 3955 p
611 3890 645 3942 34
662 3889 752 3942 ultima
771 3891 896 3942 inlitora
913 3891 1035 3942 totumP
1101 3893 1133 3944 38
1145 3889 1184 3941 Ad

111 3969 188 4023 <luem
207 3960 226 4022 ς
