2528 4364
573 196 650 249 VITA

228 368 369 446 magister
391 367 462 428 artis
483 368 645 447 ingenique
670 369 790 447 largiter

229 461 343 526 venter,
366 462 489 530 negatas
511 453 614 513 artifex
638 455 721 532 sequi
744 473 839 515 voces.

232 538 311 616 quod
333 537 358 598 si
381 538 475 598 dolosi
497 557 565 617 spes
588 539 738 599 refulserit
760 541 883 613 nummi,

230 641 333 683 corvos
355 632 457 701 pectas
480 633 508 682 et
531 624 680 702 poetridas
703 624 784 702 picas

229 717 349 768 cantare
372 707 475 768 credas
497 708 670 788 Pegaseium
693 718 805 770 nectar.

165 882 201 937 10
224 880 375 954 apologiam
397 889 476 953 poeta
498 879 561 937 facit
583 889 610 937 et
631 890 739 937 excusat
760 898 789 937 se
808 881 1006 955 quodammado
1023 897 1076 936 non
1091 881 1151 937 ideo

75 964 228 1038 scripsisse,
252 974 283 1022 ut
304 973 385 1039 poeta
406 974 556 1038 appareret,
583 966 629 1022 serf
652 966 742 1040 petius
764 967 882 1041 impulsu
904 967 1020 1040 quedam
1041 965 1149 1031 ventris,

75 1049 138 1123 quia
168 1049 274 1107 videbat
306 1059 371 1106 tunc
399 1050 499 1106 multos
524 1053 644 1124 poetriae
671 1051 835 1108 incumbere.
881 1061 907 1108 et
933 1068 982 1126 per
1011 1051 1152 1107 transitum

75 1133 193 1191 ostendit
218 1152 248 1192 se
277 1135 393 1209 primum
420 1135 648 1208 coepisseecausa
671 1137 764 1202 victus,
796 1147 826 1194 ut
847 1136 971 1194 salarium
992 1145 1151 1193 mereretur.

74 1235 136 1275 narn
158 1219 282 1276 salarium
304 1229 345 1277 est
367 1221 452 1277 victus
474 1219 554 1276 unius
577 1221 636 1278 diei.
728 1224 764 1279 12
792 1222 939 1279 refulserit.
962 1229 989 1278 et
1009 1221 1150 1294 refulgeat.

164 1307 201 1363 14
224 1306 382 1378 Pegaseium
404 1305 497 1361 melas.
520 1306 546 1361 in
569 1307 627 1363 aliis
649 1315 751 1363 nectar.

163 1471 193 1521 10
212 1469 360 1537 ingeniique
379 1471 432 1520 αΡ
511 1472 539 1521 11
561 1469 666 1521 artisfex
685 1476 708 1520 α
797 1472 827 1523 12
846 1470 974 1522 refulserit
992 1472 1016 1520 P
1029 1472 1076 1520 sed
1093 1475 1152 1535 gcat

73 1550 157 1601 supra
184 1539 314 1603 scriptum
341 1553 424 1587 manu
447 1537 617 1588 scholiastae:
640 1537 767 1603 refulgeat
786 1545 809 1587 α
914 1542 946 1592 14
972 1553 1109 1604 pegaseum
1128 1546 1152 1589 α

72 1618 232 1671 ppegasenm
250 1606 274 1655 P
341 1611 429 1657 nectar
447 1613 483 1656 a:
502 1605 583 1656 melos
601 1607 624 1656 P
