2528 4364
110 218 153 270 Xll
563 217 745 271 PRAEFATIO

110 391 231 455 ludendi
255 411 340 454 causa
363 400 512 470 tamquam
535 411 571 454 ex
593 393 715 472 antiquo
738 392 839 453 codice
860 391 1023 471 descriptos
1045 392 1191 472 protulis-

110 505 155 556 set
177 497 341 574 (eatretieas
369 494 406 554 lV
430 498 477 572 4),
507 496 539 555 111
567 495 669 556 0101011
699 505 787 574 atque
815 495 878 556 aliis
907 495 1004 568 aucti,
1034 502 1190 574 tamquam

111 597 229 658 maioris
252 597 351 676 operis
373 600 580 675 fragmentum,
610 599 689 659 inter
710 598 773 659 eius
795 597 925 658 carmina
948 597 1017 658 editi
1039 607 1110 658 sunt
1133 597 1190 676 (lll

110 718 139 778 p.
165 702 225 764 194
248 700 294 761 ed.
317 717 341 759 a.
366 702 470 777 1650).

196 802 299 863 dabam
321 802 445 863 Bonnae
468 820 570 862 mense
594 800 680 862 lunio
703 820 729 861 a.
754 803 846 866 1868.

264 1293 460 1356 FRANClSCl
484 1293 726 1355 BVECHELERl
749 1292 1022 1354 heumannum

197 1516 368 1577 lahnianam
386 1515 554 1590 editionem,
578 1516 718 1594 quoniam
738 1517 818 1577 nulla
841 1516 985 1595 empturis
1008 1517 1191 1595 exemplaria

110 1628 297 1699 supererant,
313 1619 489 1698 bibliopolae
501 1618 618 1679 hortatu
632 1620 673 1680 sio
686 1620 850 1691 retractavi,
867 1629 899 1679 ut
914 1628 1065 1680 auctorem
1078 1619 1191 1698 ipsum,

111 1722 135 1783 si
150 1722 267 1797 viveret,
290 1722 348 1782 iam
362 1731 589 1783 retractaturum
605 1723 670 1782 fore
685 1721 835 1801 putabam.
865 1740 934 1782 oum
950 1722 1030 1782 enim
1046 1733 1192 1785 maneant

110 1825 205 1902 posita
221 1823 257 1884 ab
279 1824 329 1884 illo
346 1824 537 1884 fundamenta
559 1823 629 1884 artis
646 1841 703 1883 nec
719 1824 829 1884 moveri
846 1824 970 1902 possint,
988 1832 1085 1883 tamen
1102 1825 1190 1886 refici

110 1945 185 2005 opus
209 1927 306 1987 multis
328 1925 460 2005 partibus
482 1925 581 1986 decuit
595 1925 762 1985 minutatim
784 1924 918 1986 addendo
933 1925 1079 1986 demendo
1104 1944 1190 1988 com·

109 2029 261 2089 mutando.
300 2046 357 2106 qua
380 2027 409 2087 in
426 2046 459 2088 re
475 2028 567 2105 siquis
589 2036 640 2089 aut
661 2027 728 2107 plus
744 2028 830 2089 etiam
853 2046 941 2107 quam
963 2028 1035 2089 mihi
1050 2047 1190 2108 sumpse-

111 2132 167 2191 rim
189 2131 262 2191 iuris
283 2131 374 2191 luisse
390 2132 553 2191 correctori
569 2131 646 2191 dicat
661 2132 833 2206 autminus,
857 2151 917 2192 000
935 2132 1022 2192 nimis
1037 2150 1188 2211 repugno.

112 2251 212 2292 verum
235 2232 305 2292 satis
327 2232 420 2292 habeo
443 2233 467 2294 si
482 2233 576 2293 lahnii
599 2233 703 2293 merita
719 2242 871 2294 ostentans
894 2234 966 2293 nihil
989 2234 1125 2312 derogavi
1151 2237 1191 2297 de

111 2335 217 2396 virtute
239 2342 328 2413 atque
351 2334 476 2395 utilitate
499 2335 635 2396 editionis
657 2335 775 2414 prioris.

131 2448 136 2457 ’
197 2437 290 2499 Persii
312 2437 443 2498 codicem
458 2439 491 2512 B,
515 2456 601 2515 quem
619 2437 717 2498 denuo
740 2438 847 2517 inspici
864 2437 983 2498 lahnius
997 2437 1190 2513 desiderarat,

111 2541 142 2600 in
165 2540 309 2601 tabulario
331 2541 469 2602 basilicae
484 2541 640 2602 Vaticanae
656 2541 804 2619 signatum
827 2543 868 2605 36
884 2541 909 2600 Η
926 2540 1190 2602 membranaceum

111 2644 219 2704 saeculi
242 2646 365 2705 lortasse
390 2644 462 2704 0001
478 2642 625 2705 lohannes
649 2644 796 2705 Henricus
811 2644 950 2705 Wbeeler
971 2643 1189 2705 llassachuset-

112 2745 214 2818 tensis,
238 2744 341 2805 doctor
363 2746 540 2821 Bonnensis,
563 2748 743 2810 00001879
767 2747 835 2807 dum
859 2746 890 2806 in
914 2746 995 2806 ltalia
1011 2746 1189 2825 peregrina-

112 2859 170 2920 tur,
193 2846 336 2907 benevolo
367 2865 435 2925 erga
465 2866 520 2908 nos
549 2849 648 2908 animo
677 2849 834 2927 diligenter
863 2849 997 2909 contulit.
1042 2849 1127 2910 cuius
1151 2868 1189 2910 ex

112 2948 213 3009 labore
236 2968 302 3009 cum
320 2950 408 3010 alium
424 2950 554 3011 fructum
569 2951 644 3028 cepi,
667 2960 730 3011 tum
745 2951 781 3011 de
797 2950 899 3012 Sabini
915 2953 1090 3012 recensione
1106 2951 1190 3013 eius-

113 3069 172 3130 que
194 3052 372 3130 apographis
395 3069 470 3130 quae
493 3071 582 3131 supra
605 3052 713 3132 scripta
729 3062 799 3113 sunt
821 3053 932 3132 liquido
948 3053 1118 3114 confirmari
1141 3055 1189 3115 di-

112 3154 180 3215 dici.
204 3154 335 3214 codicem
353 3153 445 3214 Persii
461 3172 496 3214 ac
511 3153 656 3214 luvenalis
673 3154 844 3234 Pimpensa
861 3174 930 3216 cura
947 3155 1045 3216 denuo
1061 3155 1190 3217 contulit

112 3256 256 3318 liudolfus
272 3256 347 3317 beer
362 3240 601 3318 Vindobonensis
613 3275 706 3335 eaque
718 3259 846 3319 conlatio
862 3268 973 3336 quanto
986 3259 1189 3319 emolumento

113 3369 188 3420 esset
203 3360 332 3421 ostendit
346 3360 377 3419 in
393 3359 543 3438 spicilegio
556 3359 744 3420 luvenaliano
760 3360 887 3439 (Lipsiae
901 3363 1005 3438 1885).
1028 3361 1190 3423 Persianae

114 3461 250 3522 lectionis
272 3462 499 3541 discrepantiam
525 3462 566 3522 ibi
588 3463 678 3523 edidit
699 3482 728 3543 p.
747 3465 784 3527 18
797 3484 831 3538 s,
854 3465 890 3524 ad
921 3464 1089 3525 iuvenalem
1112 3481 1190 3542 quae

112 3564 277 3642 pertineret
298 3566 462 3626 conlectam
485 3585 521 3626 ex
538 3566 653 3627 schedis
676 3566 780 3627 suiset
796 3568 1043 3628 accommodatam
1066 3576 1188 3628 nostrae

114 3665 232 3739 rationi,
256 3667 306 3744 qui
329 3668 555 3747 orthographica
578 3676 608 3728 et
622 3668 751 3748 volgaria
772 3670 880 3730 menda
895 3669 1056 3730 subnotare
1079 3679 1189 3731 cuncta

114 3768 272 3842 noluimus
297 3769 428 3831 olhciose
443 3789 477 3831 ac
492 3770 652 3832 liberaliter
667 3772 738 3831 mihi
762 3772 877 3833 obtulit.
914 3773 950 3832 de
967 3771 1096 3850 Pigitur
1111 3790 1189 3850 quae

112 3869 207 3930 lahnii
238 3870 415 3932 testimoniis
444 3873 557 3934 adiecta
585 3883 656 3933 sunt
685 3883 735 3934 ant
764 3873 903 3948 detracta,
935 3875 1039 3935 Beerio
1069 3884 1191 3953 accepta

112 3973 219 4033 refero.
