2528 4364
134 198 173 258 26
617 199 721 254 PERSll

135 383 166 435 et
186 373 279 452 magis
300 373 409 434 auratis
430 372 567 452 pendens
589 372 776 452 laquearibus
798 373 877 435 ensis

137 476 304 539 purpureas
326 457 428 519 subter
451 459 579 519 cervices
600 459 715 532 terruit
735 451 846 531 “imus

136 545 213 605 imus
234 536 430 624 praecipites''
456 561 543 622 quam
566 544 590 605 si
613 543 669 604 sibi
692 543 769 604 dicat
791 552 820 604 et
840 544 921 605 intus

135 629 242 709 palleat
262 628 374 703 infelix,
398 629 477 708 quod
499 629 632 708 proxima
656 630 768 690 nesciat
788 627 886 689 uxor?

177 733 265 793 saepe
288 715 399 787 oculos,
422 715 554 787 memini,
576 713 732 792 tangebam
754 732 862 793 parvus
885 713 969 788 olivo,

135 800 255 878 grandia
278 799 302 860 si
325 799 434 860 nollem
456 799 592 859 morituri
614 798 703 860 verba
725 799 843 860 Catonis

136 884 250 946 discere
272 894 301 945 et
322 885 428 946 insano
450 884 577 945 multum
598 883 741 944 laudanda
764 884 914 963 magistro,

135 987 210 1048 quae
231 979 315 1049 pater
337 969 471 1030 adductis
491 969 600 1030 sudans
622 969 737 1029 audiret
758 969 867 1030 amicis.

138 1055 203 1115 iure
225 1055 334 1115 etenim
357 1053 387 1114 id
408 1071 566 1128 summum,
590 1054 661 1132 quid
683 1054 785 1115 dexter
807 1054 890 1114 senio
914 1055 1015 1129 ferret,

136 1139 212 1200 scire
235 1149 299 1199 erat
320 1139 351 1199 in
374 1147 451 1208 voto,
475 1140 615 1200 damnosa
637 1140 769 1200 canicula
792 1149 936 1216 quantum

136 1224 261 1297 raderet,
285 1232 426 1302 angustae
449 1224 525 1284 collo
548 1244 610 1285 non
633 1224 727 1285 lallier
749 1242 845 1297 orcae,
1185 1232 1214 1283 ιο

136 1328 196 1370 neu
219 1309 286 1387 quis
309 1308 441 1369 callidior
462 1309 576 1371 buxum
597 1318 738 1388 torquere
760 1309 884 1389 flagello.

138 1463 264 1539 tiopibus
289 1481 350 1520 eum
371 1482 401 1521 se
426 1465 511 1540 decipi
533 1465 694 1538 intellegunt
716 1481 766 1521 nec
787 1473 875 1522 tamen
897 1465 1071 1536 corriguntur
1093 1471 1120 1520 et
1141 1462 1211 1536 apud

137 1567 167 1606 se
188 1550 224 1606 ita
245 1559 422 1622 murmurant,
445 1560 477 1607 ut
499 1568 548 1608 nec
569 1550 698 1608 uxoribus
721 1551 838 1613 credant,
862 1559 893 1606 ut
914 1558 1048 1606 secretum
1070 1564 1166 1604 eorum
1181 1563 1213 1604 ea

138 1635 247 1709 nesciat,
271 1651 339 1709 quae
360 1636 429 1693 scire
451 1633 602 1694 debuerat?
704 1639 744 1694 44
767 1637 872 1705 merito,
895 1635 990 1709 inquit,
1014 1633 1076 1689 mihi
1099 1633 1213 1708 lippitu-

138 1720 227 1777 dinem
248 1721 426 1793 accersebam,
451 1738 484 1778 ne
506 1722 614 1779 Catonis
629 1721 825 1778 deliberativam
839 1722 987 1785 recitarem,
1012 1728 1104 1775 utrum
1118 1735 1212 1775 more-

136 1815 213 1862 retur
234 1823 268 1862 an
290 1823 355 1878 non,
378 1814 425 1863 aut
446 1806 543 1881 quibus
565 1807 652 1863 verbis
666 1806 706 1862 uti
720 1806 819 1879 potuit,
843 1822 905 1861 eum
920 1822 950 1861 se
966 1804 1112 1861 destinaret
1126 1805 1212 1860 inter-

139 1891 228 1948 ficere.
294 1892 366 1948 oculi
387 1901 476 1948 autem
498 1891 558 1948 oleo
580 1893 644 1947 tacti
658 1890 887 1965 perturbabantur
907 1891 940 1946 ad
961 1899 1076 1963 tempus,
1099 1897 1131 1946 ut
1153 1899 1214 1945 tur-

137 1976 205 2033 batis
227 1976 312 2032 oculis
334 1977 366 2033 ad
388 1975 508 2032 scholam
530 1992 586 2032 non
608 1977 682 2032 iret..
756 1977 795 2032 46
819 1991 874 2031 non
897 1991 963 2031 sano
977 1991 1013 2030 m.
1030 1975 1048 2030 l.
1064 1991 1101 2030 m.
1124 1975 1152 2030 id
1174 1982 1215 2030 est

138 2062 216 2116 nimis
244 2077 324 2125 sano,
356 2069 387 2116 ut
416 2068 457 2116 est
485 2059 551 2116 illud
573 2059 680 2132 Vergilii
709 2057 788 2134 [Aen.
813 2063 841 2131 3,
864 2058 936 2134 443]
964 2050 1096 2116 ‘insanam
1128 2067 1213 2116 vatem

139 2131 264 2218 aspicies‘
300 2162 350 2218 pro
380 2143 455 2201 valde
483 2161 581 2201 sanam.
632 2152 679 2201 aut
708 2155 781 2202 certe
809 2146 918 2211 insano,
948 2145 994 2220 qni
1020 2145 1213 2219 discipulorum

137 2246 249 2285 suorum
272 2229 386 2284 carmina
408 2228 548 2295 laudabat,
573 2246 634 2286 cum
656 2230 770 2287 aliorum
793 2230 941 2288 debuerant
961 2231 1060 2287 iudicio
1084 2247 1213 2305 compro-

137 2313 205 2370 bari.
292 2316 331 2373 48
356 2314 478 2371 dextrum
500 2316 638 2371 senionem
660 2316 724 2372 dicit
744 2316 902 2390 propitium,
924 2317 986 2391 quia
1007 2315 1034 2370 in
1056 2316 1128 2373 iactu
1142 2316 1213 2373 talo-

137 2416 198 2456 rum
219 2417 325 2474 semper
347 2399 411 2456 boni
433 2400 532 2475 aliquid
554 2400 642 2457 allert.
664 2410 712 2457 aut
733 2402 807 2458 senio
829 2404 914 2458 maior
935 2401 1041 2457 missus.
1063 2408 1095 2457 ut
1109 2417 1209 2458 scaeva.

221 2485 268 2542 tali
289 2487 317 2542 in
339 2485 473 2543 hocloco
498 2496 551 2543 tres
581 2496 696 2543 tesserae
725 2495 788 2543 sunt
817 2503 960 2544 numerum
988 2487 1148 2560 impressum
1170 2493 1213 2544 te-

139 2580 234 2628 nentes
256 2572 283 2627 in
305 2571 371 2628 alea.
400 2573 475 2629 senio
498 2581 587 2629 autem
614 2581 642 2629 et
671 2571 791 2630 canicula
814 2583 840 2629 et
863 2573 952 2629 Venus
974 2571 1083 2645 propria
1105 2573 1213 2629 nomina

137 2655 221 2711 iactus
245 2664 406 2712 tesserarum
428 2666 501 2714 sunt.
539 2658 613 2715 verbi
635 2659 728 2732 gratia,
753 2658 817 2714 dum
840 2669 894 2714 tres
916 2658 974 2713 seni
996 2657 1166 2730 proveniunt,
1190 2657 1211 2712 is

138 2739 224 2794 iactus
247 2742 321 2795 senio
344 2750 394 2797 est.
439 2743 543 2817 inquo
568 2744 717 2800 notandum
744 2743 806 2817 quia
833 2743 969 2799 interdurn
998 2742 1077 2798 etiam
1105 2750 1146 2799 est
1173 2743 1212 2798 si-

140 2824 231 2879 nister.
277 2824 340 2880 dum
362 2842 425 2882 vero
449 2835 502 2881 tres
525 2828 587 2892 uni,
614 2828 741 2883 canicula.
787 2829 873 2883 Venus
902 2839 1005 2892 antem,
1036 2827 1100 2883 dum
1127 2828 1212 2884 iactus

137 2909 209 2965 iuxta
230 2909 361 2965 rationem
383 2911 487 2966 numeri
510 2912 610 2984 optime
633 2919 822 2974 conectuntur,
846 2928 926 2985 qnam
949 2913 1124 2969 conexionem
1146 2913 1210 2969 unio

138 2993 163 3049 id
187 3001 228 3051 est
249 2993 367 3050 canicula
390 2995 416 3049 in
439 2994 493 3052 line
514 2995 619 3052 tabulae
642 2995 748 3053 elfioere
769 2995 847 3053 solet.
955 3000 994 3055 49
1019 2998 1139 3055 canicula
1162 3014 1211 3071 pro

139 3095 220 3144 cane,
252 3095 320 3153 quae
348 3080 376 3134 in
404 3079 513 3136 calculis
542 3098 574 3136 ex
601 3083 672 3138 omni
702 3080 772 3138 iactu
800 3081 917 3138 talorum
946 3083 1064 3156 quinque
1086 3083 1210 3148 detrabit,

138 3175 247 3239 excepta
268 3165 387 3235 Venere,
417 3165 442 3219 in
472 3182 526 3239 qua
546 3165 604 3221 sola
626 3167 745 3240 prodest.
791 3167 910 3223 canicula
932 3184 1017 3242 genus
1040 3167 1112 3225 aleae
1134 3169 1209 3242 quod

139 3251 172 3306 de
195 3267 307 3308 numero
329 3249 449 3323 quinque
474 3251 624 3307 subtrahat.
711 3255 749 3310 50
773 3251 843 3308 collo
874 3255 1017 3327 amphorae
1046 3271 1077 3309 ex
1105 3254 1212 3310 distanti

139 3335 200 3393 loco
223 3337 260 3393 ait
280 3352 363 3393 nuces
384 3335 497 3398 mittere,
520 3344 552 3391 ut
572 3353 667 3393 manus
690 3354 744 3392 uon
760 3348 841 3393 erret.
865 3339 911 3411 qui
925 3338 1005 3394 ludus
1020 3338 1121 3412 ubique
1136 3339 1209 3396 cele-

137 3417 241 3477 bratur.
264 3423 300 3478 ita
322 3430 446 3496 praestat,
470 3438 531 3477 cum
553 3430 627 3478 extra
641 3421 741 3479 collum
754 3423 848 3478 missas
865 3441 946 3480 nuces
962 3423 1078 3497 colligat.
1143 3423 1209 3481 ludo

138 3520 238 3560 nucum
260 3523 338 3563 orcae
360 3506 459 3563 collum
485 3507 609 3580 ponitur,
640 3516 667 3564 et
696 3509 742 3581 qui
774 3517 847 3565 certo
876 3508 947 3565 iactu
975 3508 1034 3565 iacit
1059 3509 1086 3564 in
1116 3509 1210 3566 eodem

139 3588 218 3654 collo,
243 3591 326 3648 victor
348 3592 444 3649 existit.

223 3755 255 3804 45
274 3755 397 3807 morituro
416 3756 492 3807 uerba
511 3755 597 3807 catoni
615 3755 740 3808 llice-rel’
804 3759 838 3810 46
850 3762 876 3809 et
887 3757 978 3809 insano
992 3764 1027 3808 a:
1049 3773 1100 3809 non
1114 3759 1215 3810 sanol’

225 3823 258 3874 48
278 3837 377 3873 summo
396 3828 422 3873 et
443 3824 525 3876 feruet
544 3832 579 3875 a:
605 3838 731 3876 summum
756 3829 782 3874 et
805 3826 882 3878 ferret
906 3830 986 3877 ettam
1004 3828 1160 3878 Priscianus
1178 3827 1211 3877 dc

139 3887 187 3954 fig.
204 3905 278 3943 num.
295 3891 312 3942 7
331 3889 411 3945 GLK.
429 3891 473 3942 ΙΙΙ
486 3909 512 3958 p.
531 3894 581 3944 415
650 3895 683 3946 to
695 3891 805 3946 Raderet
822 3900 848 3946 et
866 3899 990 3960 angustae
1008 3896 1032 3946 Ρ
1097 3898 1127 3947 51
1148 3895 1209 3947 cali-

138 3956 202 4009 duor
220 3965 244 4010 α
296 3962 442 4026 torquaeret
460 3966 484 4011 α
