2528 4364
107 201 169 260 102
561 202 736 256 lVVENALlS

107 385 136 436 et
157 373 249 436 semel
271 374 381 452 aspecti
404 373 473 434 litus
495 373 611 433 dicebat
634 373 742 435 echini.

107 461 241 540 surgitur
263 468 290 519 et
312 459 402 519 misso
425 476 566 537 proceres
588 459 668 519 exire
691 460 831 521 iubentur

106 545 239 617 consilio,
263 562 337 621 quos
358 543 502 603 Albanam
525 545 584 604 dux
607 562 732 623 magnus
755 546 785 606 in
810 564 908 607 arcem
1140 560 1183 611 115

105 640 233 692 traxerat
254 629 395 688 attonitos
417 637 447 688 et
468 629 609 689 festinare
632 639 749 691 coactos

105 726 253 793 tamquam
276 714 312 774 de
336 712 446 774 Chattis
468 713 577 792 aliquid
600 716 750 792 torvisque
773 715 941 795 Sycambris

105 801 248 872 dicturos,
270 807 419 877 tamquam
443 817 479 858 ex
501 797 623 859 diversis
646 799 779 878 partibus
802 800 882 862 orbis

105 886 190 946 anxia
212 884 367 964 praecipiti
389 884 518 944 venisset
540 883 665 963 epistula
687 885 789 964 pinna.

104 980 193 1049 atque
216 971 329 1030 utinam
351 969 396 1029 his
418 969 517 1047 potius
539 969 628 1046 nugis
650 978 710 1030 tota
734 971 781 1031 illa
803 970 931 1031 dedisset
1138 985 1183 1035 150

105 1065 240 1134 tempora
263 1054 409 1126 saevitiae,
434 1054 527 1114 claras
549 1054 658 1132 quibus
680 1054 801 1116 abstulit
823 1057 889 1116 urbi

105 1141 306 1218 inlustresque
328 1139 440 1199 animas
462 1139 586 1217 impune
608 1147 638 1200 et
658 1140 773 1201 vindice
796 1141 888 1201 nullo.

106 1226 156 1286 sed
180 1225 268 1305 periit
289 1234 447 1304 postquam
470 1224 650 1284 cerdonibus
673 1243 738 1286 esse
760 1225 910 1286 timendus

104 1318 252 1389 coeperat.
297 1310 354 1369 hoc
377 1309 480 1369 nocuit
502 1308 671 1370 Lamiarum
694 1312 783 1372 caede
806 1310 944 1371 madenti.

555 1492 727 1545 sarvmv
782 1564 785 1567 Ι

104 1598 135 1658 Si
158 1607 186 1659 te
208 1598 353 1677 propositi
377 1597 510 1658 nondum
534 1596 626 1676 pudet
648 1606 736 1676 atque
761 1598 862 1658 eadem
887 1604 932 1657 est
954 1615 1049 1671 mens,

104 1691 138 1743 ut
159 1683 238 1743 bona
261 1700 374 1744 summa
397 1691 484 1760 putes
506 1683 600 1743 aliena
623 1683 720 1744 vivere
742 1682 863 1762 quadra,

103 1768 128 1829 si
150 1778 236 1849 potes
258 1768 305 1829 illa
328 1768 388 1846 pati
411 1785 486 1846 quae
509 1787 565 1828 nec
588 1769 763 1831 Sarmentus
784 1769 902 1846 iniquas

103 1853 234 1915 Caesaris
258 1854 292 1913 ad
315 1871 433 1914 mensas
457 1871 513 1914 nec
534 1853 599 1914 vilis
622 1852 722 1914 Gabba
746 1853 870 1928 tulisset,

191 1996 246 2049 147
273 2001 406 2064 tamquam
428 1991 462 2048 de
477 1990 588 2047 Catthis.
610 2001 704 2065 gentes
719 1994 912 2048 Germanorum
934 1992 989 2047 sive
1004 1990 1182 2048 Francorum.

189 2079 247 2134 149
272 2085 348 2132 antea
370 2077 392 2132 si
419 2076 483 2149 quid
505 2075 665 2132 nuntiabant
691 2077 817 2135 consules
839 2077 866 2132 in
891 2075 984 2133 orbem
1007 2093 1056 2150 pcr
1073 2076 1181 2151 epistu-

100 2162 148 2232 las,
171 2161 193 2216 si
215 2160 341 2217 victoriae
363 2160 566 2226 nuntiabantur,
589 2159 680 2218 laurus
703 2164 730 2218 in
752 2162 865 2237 epistula
887 2160 1028 2235 figebatur,
1052 2161 1075 2217 si
1089 2170 1181 2218 autem

100 2244 200 2319 aliquid
215 2245 326 2311 adversi,
349 2246 440 2320 pinna.
532 2247 590 2304 153
605 2246 777 2320 ignobilibus.
802 2248 882 2304 cerdo
904 2255 947 2303 est
960 2246 1069 2320 proprie
1090 2247 1180 2321 turpis

99 2329 168 2387 lucri
185 2330 309 2404 cupidus.
421 2332 480 2389 154
502 2330 530 2386 in
552 2331 647 2388 lamiis
668 2333 823 2406 indignatur
845 2332 977 2388 satiricus.
1000 2340 1066 2388 tunc
1088 2332 1179 2405 periit,

100 2433 161 2474 cum
184 2433 244 2473 eum
266 2416 385 2490 populus
408 2416 500 2474 timere
523 2417 656 2491 coepisset
677 2418 794 2474 extincto
816 2418 867 2473 iam
889 2425 995 2474 senatu.

185 2501 207 2554 V
234 2506 245 2559 1
272 2502 305 2558 de
326 2503 423 2559 iuvene
445 2504 641 2560 contumelioso
664 2503 691 2558 in
708 2503 837 2576 parasitos
853 2502 925 2559 dicit.
1013 2500 1179 2559 38111111-

99 2596 144 2644 tus
165 2587 275 2644 notione
289 2587 392 2644 Tuscus
415 2604 430 2644 e
452 2588 532 2644 domo
548 2589 628 2644 Marci
642 2588 750 2651 l'avoni,
773 2589 904 2645 incertum
926 2586 1038 2643 libertus
1059 2603 1092 2640 an
1116 2603 1179 2643 ser·

99 2688 162 2735 rus,
192 2673 314 2745 plurimis
336 2672 422 2728 iorma
444 2683 472 2729 et
493 2672 643 2730 urbanitate
664 2674 818 2746 promeritis
840 2690 872 2730 eo
896 2672 1009 2728 liduciae
1031 2671 1117 2735 venit,
1147 2679 1180 2728 ut

101 2755 219 2829 equitem
241 2757 390 2813 Romanum
404 2766 505 2830 ageret,
529 2758 665 2815 decuriam
680 2776 789 2832 quoque
804 2758 983 2832 quaestoriam
999 2765 1178 2831 compararet.

100 2856 184 2916 quare
211 2858 261 2914 per
288 2841 366 2897 ludos
395 2841 493 2915 quibos
522 2842 636 2915 primum
664 2844 690 2899 in
714 2844 778 2899 llllll
802 2843 941 2899 ordinibus
963 2842 1046 2907 sedit,
1074 2841 1179 2898 haeca

99 2925 203 3000 populo
225 2925 253 2979 in
275 2943 336 2982 eum
359 2926 427 2983 diota
450 2937 529 2983 sunt:
550 2917 633 2984 ‘aliud
656 2929 787 3002 scriptum
809 2927 889 2985 babet
910 2926 1081 2991 Sarmentus,
1105 2925 1178 2982 aliud

99 3009 219 3084 populus
241 3010 371 3067 voluerat.
394 3011 473 3084 digna
496 3012 595 3086 dignis:
619 3015 657 3069 sic
677 3014 832 3070 Sarmentus
854 3012 950 3068 habeat
971 3028 1076 3068 crassos
1097 3027 1179 3068 com-

98 3097 190 3170 pedes.
213 3095 307 3152 rustici
329 3113 363 3152 ne
385 3096 449 3152 nihil
471 3099 563 3170 agatis,
587 3098 682 3172 aliquis
697 3098 868 3155 Sarmentum
883 3091 991 3170 alliget’.
1008 3097 1071 3152 dum
1086 3104 1178 3152 autem

99 3197 206 3238 causam
234 3190 378 3255 usurpatae
406 3183 540 3256 dignitatis
562 3184 638 3249 dicit,
668 3183 793 3259 precibus
817 3193 844 3240 et
864 3183 949 3258 gratia
971 3190 1105 3238 summoto
1128 3197 1178 3238 ac-

99 3274 224 3324 cusatore
252 3266 374 3324 dimissus
400 3278 454 3333 est,
486 3285 547 3325 cum
570 3270 640 3343 apud
662 3269 762 3326 iudices
784 3268 851 3325 nihil
872 3268 943 3325 aliud
966 3268 1064 3323 docere
1085 3275 1178 3340 temp-

98 3360 167 3408 taret
188 3369 269 3427 quam
292 3370 445 3410 concessam
468 3353 517 3409 sibi
538 3353 688 3411 libertatem
712 3372 727 3410 a
748 3353 908 3419 Maecenate,
933 3353 966 3409 ad
989 3368 1069 3425 quem
1091 3352 1177 3409 sectio

97 3436 232 3494 bonorum
253 3438 353 3495 Favoni
381 3439 556 3514 pertinuerat.
580 3439 630 3495 iam
653 3447 741 3495 autem
764 3456 846 3497 senex
868 3440 895 3495 in
918 3437 1034 3495 maximis
1058 3436 1177 3493 necessi·

98 3520 214 3594 tatibus,
243 3524 275 3580 ad
305 3541 371 3597 quas
393 3522 503 3580 libidine
523 3523 682 3597 luxuriaque
705 3524 851 3590 deciderat,
882 3532 993 3581 coactus
1014 3520 1176 3588 auctionari,

99 3622 160 3661 cum
181 3606 394 3681 interrogaretur
416 3626 464 3665 cur
486 3609 616 3682 scriptum
638 3625 748 3683 quoque
769 3610 922 3667 censorium
944 3607 1089 3679 venderet,
1118 3622 1177 3663 non

97 3689 211 3747 infacete
238 3690 326 3748 bonae
353 3711 381 3750 se
403 3694 548 3750 memoriae
570 3711 629 3750 esse
652 3695 799 3768 respondit.
901 3699 919 3752 4
945 3692 1035 3750 Gabba
1057 3691 1176 3749 tulisset.

184 3821 234 3872 144
251 3834 374 3886 properes
393 3823 495 3874 exibere
508 3824 532 3874 P
545 3839 616 3876 corr.
631 3840 651 3890 p
723 3827 771 3877 141
790 3824 918 3877 cattbisS
935 3824 1012 3876 cattis
1030 3827 1061 3888 ςι
1083 3823 1176 3874 uuis

97 3888 121 3937 P
136 3887 202 3954 getis
216 3895 276 3954 pw
354 3891 402 3942 148
421 3905 452 3942 ec
469 3890 638 3944 Ribbeckius:
658 3896 684 3945 et
702 3895 725 3944 Ρ
740 3893 813 3958 quod
828 3895 999 3959 eoepunnitp
1019 3907 1071 3943 om.
1090 3897 1121 3942 w

182 3954 205 4005 V
223 3957 249 4007 in
262 3957 391 4024 parasitos
403 3957 435 4010 de
447 3960 518 4012 cenis
531 3961 724 4013 contumeliosis
736 3963 897 4028 inscriptum
909 3964 938 4011 in
950 3963 974 4012 P
1040 3958 1144 4026 lgalba
1156 3975 1175 4024 p
