2528 4364
517 222 648 275 SATVRA
669 223 701 274 Vl
815 276 821 287 ,
1109 227 1147 284 51

72 392 191 472 tinguat
212 393 278 454 olus
301 393 412 454 siccum
435 395 530 454 muria
552 397 634 455 vafer
656 394 685 454 in
711 394 801 455 calice
824 405 931 475 empta,
1121 410 1150 461 20

71 479 136 557 ipse
159 496 276 540 sacrum
298 480 437 539 inrorans
460 480 577 558 patinae
601 481 701 558 piper;
725 480 772 539 bic
795 479 874 540 bona
897 483 985 543 dente

70 562 195 642 grandia
217 564 424 642 magnanimus
445 564 560 643 peragit
581 584 665 645 puer.
703 573 855 644 marego,
878 576 952 640 utar,

72 665 129 709 nec
152 648 293 710 rhombos
315 647 381 708 ideo
404 647 517 709 libertis
539 668 653 728 ponere
676 650 782 721 lautus,

71 751 128 795 nec
151 733 250 794 tenuis
273 733 377 793 sollers
398 735 553 794 turdarum
576 752 664 796 nosse
687 735 797 795 salivas.

70 835 167 879 messe
189 826 278 878 tenus
300 818 421 897 propria
444 819 505 878 vive
528 829 557 878 et
578 821 724 898 granaria,
751 820 794 880 las
816 828 870 894 est,

70 902 176 963 emole.
214 902 284 980 quid
308 900 442 963 metuas?
466 922 546 976 occa,
569 914 598 964 et
620 923 704 982 seges
726 904 815 964 altera
839 906 867 965 in
894 906 984 966 herba
1008 917 1061 968 est.

69 995 99 1047 at
122 996 208 1047 vocat
230 988 371 1059 officium,
394 987 478 1048 trabe
500 997 586 1068 rupta
610 989 722 1050 Bruttia
745 1008 812 1050 saxa

69 1072 191 1150 prendit
213 1072 325 1134 amicus
348 1073 436 1151 inops
458 1091 581 1152 remque
605 1092 723 1134 omnem
747 1076 894 1153 surdaque
918 1085 981 1136 vota

69 1156 203 1217 condidit
226 1157 321 1229 ionio,
344 1157 419 1218 iacet
441 1157 505 1237 ipse
528 1159 559 1218 in
583 1159 669 1220 litore
692 1168 722 1219 et
743 1179 801 1219 una

68 1243 206 1321 ingentes
229 1241 265 1302 de
288 1260 389 1322 puppe
412 1242 458 1302 dei
482 1243 598 1321 iamque
622 1244 706 1304 obvia
729 1246 837 1324 mergis

68 1335 149 1387 costa
173 1326 244 1388 ratis
267 1327 397 1387 lacerae:
422 1337 556 1388 nuncet
580 1327 615 1388 de
639 1331 768 1408 caespite
791 1330 854 1389 vivo

68 1412 173 1490 frange
196 1411 317 1490 aliquid,
341 1412 448 1492 largire
471 1413 562 1491 inopi,
587 1432 626 1474 ne
648 1415 746 1493 pictus
769 1415 888 1475 oberret

67 1496 203 1557 caerulea
227 1497 258 1556 in
282 1496 391 1557 tabula.
429 1497 481 1558 sed
503 1516 607 1558 cenam
631 1499 744 1559 funeris
767 1500 853 1559 beros

69 1580 215 1659 negleget¹
230 1581 332 1654 iratus,
356 1582 434 1660 quod
458 1600 520 1642 rem
545 1584 720 1654 curtaveris;
744 1602 837 1644 urnae

68 1684 133 1726 ossa
156 1665 281 1727 inodora
304 1666 393 1737 dabit
417 1687 469 1728 seu
492 1667 607 1745 spirent
630 1668 765 1729 cinnama
789 1669 910 1729 surdum
1115 1684 1143 1734 35

151 1856 191 1914 20
214 1855 300 1912 muria
328 1855 426 1913 dicitur
452 1857 586 1931 liquamen
614 1857 712 1914 malum
743 1858 783 1914 rel
813 1857 962 1931 liquaminis
991 1857 1078 1915 faeces
1101 1860 1142 1917 rel

64 1940 138 2015 quod
159 1941 300 2015 proprium
323 1950 373 2007 est,
397 1956 466 2015 aqua
487 1943 567 1999 mixta
589 1959 650 1999 cum
672 1943 737 2000 sale.
803 1943 842 2002 22
867 1952 934 2008 utar,
958 1960 1009 2000 nec
1027 1945 1142 2002 maiores

64 2025 170 2082 delicias
191 2025 332 2084 clientibus
355 2026 419 2082 meis
440 2044 582 2100 apponam,
606 2044 656 2085 nec
678 2029 744 2085 adeo
767 2029 794 2084 in
816 2028 866 2086 hac
887 2046 917 2084 re
940 2029 1049 2086 callidus
1071 2048 1140 2096 snm,

63 2119 95 2167 ut
124 2110 266 2168 turdorum
293 2127 403 2185 sapores
432 2112 590 2169 discernam.
619 2114 708 2171 solent
735 2114 805 2171 enim
831 2114 938 2188 quidam
959 2114 1037 2188 gulae
1060 2116 1140 2173 dediti

61 2204 150 2253 tantae
172 2195 326 2254 subtilitatis
348 2195 447 2253 habere
466 2197 594 2270 palatum,
618 2208 649 2256 ut
664 2209 829 2273 cognoscant
845 2201 947 2264 turdos,
971 2201 993 2256 si
1008 2201 1139 2259 acinarius

61 2296 94 2336 an
123 2279 247 2338 cellarius
275 2290 322 2338 aut
343 2281 458 2338 vivarius
479 2284 528 2348 sit,
559 2294 586 2340 et
608 2285 630 2340 si
651 2285 785 2342 masculus
807 2286 842 2341 sit
863 2302 895 2341 an
917 2285 1024 2341 lamina.
1070 2304 1139 2361 quos

60 2365 135 2422 velut
161 2367 258 2440 peritia
282 2368 404 2441 procacis
426 2367 504 2440 gulae
525 2368 589 2425 iacit
610 2370 637 2424 in
660 2371 709 2426 bac
730 2388 760 2426 re
782 2380 910 2427 attentos.
998 2372 1139 2427 turdarum

60 2449 170 2508 abusive
198 2451 302 2526 posuit,
332 2470 392 2509 cum
424 2453 565 2510 turdorum
594 2455 682 2511 dicere
708 2455 838 2519 debuerit,
862 2462 893 2509 ut
914 2454 1040 2510 Horatius
1060 2457 1138 2528 ponit

60 2533 124 2610 [sat.
144 2540 170 2601 1,
189 2539 218 2610 5,
235 2535 286 2611 72]
302 2530 404 2611 ‘paene
427 2555 530 2594 macros
553 2539 618 2595 arsit
639 2540 703 2596 dum
725 2541 820 2596 turdos
842 2547 930 2593 versat
950 2539 977 2603 in
999 2535 1082 2610 igne'.

145 2623 184 2679 20
209 2637 304 2679 occare
327 2631 376 2688 est,
400 2639 462 2679 cum
484 2623 576 2680 rustici
598 2625 701 2680 satione
723 2623 794 2680 iacta
816 2622 904 2679 bobus
927 2623 1039 2679 dimissis
1062 2624 1136 2698 glae-

57 2705 105 2762 bas
134 2707 249 2764 caedunt
269 2723 301 2764 ac
322 2707 458 2781 ligonibus
481 2708 619 2782 frangunt.
663 2710 732 2765 dicta
755 2709 857 2766 occatio
880 2708 956 2782 quasi
977 2711 1135 2776 occaecatio,

58 2793 132 2865 quod
160 2793 299 2867 cooperiat
326 2794 434 2850 semina.
566 2797 605 2854 30
629 2795 735 2852 navium
762 2794 873 2852 tutelam
900 2795 977 2859 dicit,
1007 2813 1086 2869 quam
1108 2797 1135 2853 in

56 2876 193 2951 puppibus
220 2877 320 2935 habent
347 2879 389 2935 vel
418 2878 543 2951 pingunt.
694 2882 733 2940 32
757 2898 791 2937 ne
817 2880 906 2954 pictus
932 2879 1050 2938 oberret.
1074 2882 1135 2955 quia

57 2961 181 3020 solebant
202 2963 325 3037 naufragi
346 2980 423 3020 casus
445 2981 509 3020 suos
532 2965 643 3040 pingere
664 2967 690 3022 in
706 2966 806 3038 tabula,
829 2983 969 3039 perquam
984 2967 1135 3023 admiseri-

57 3047 174 3104 cordiam
196 3058 369 3106 moverentur
389 3049 519 3106 ridentes.
607 3054 647 3109 33
671 3051 748 3108 rerba
771 3051 841 3108 arari
863 3051 905 3107 rel
926 3050 1134 3107 inmisericordis

56 3133 89 3189 ad
114 3133 252 3191 Persium:
280 3134 333 3191 boc
361 3152 415 3190 non
439 3134 541 3202 faciam,
571 3152 605 3192 ne
627 3137 704 3193 heres
728 3154 802 3194 meus
823 3136 888 3192 milri
908 3137 1038 3191 irascatur
1059 3135 1133 3207 quod

53 3217 193 3292 largiendo
216 3218 389 3277 hereditatem
411 3220 571 3285 deminuam,
595 3231 641 3277 aut
663 3222 751 3279 luneri
773 3237 843 3286 meo,
866 3228 898 3276 ut
919 3220 988 3275 solet
1009 3219 1074 3284 lieri,
1098 3235 1133 3276 ne

55 3319 149 3359 cenam
177 3305 282 3377 quidem
311 3306 456 3379 impendat.
545 3309 583 3364 35
607 3314 655 3362 aut
675 3306 803 3371 inodora,
832 3306 890 3361 sine
913 3305 996 3359 odore
1018 3305 1070 3360 boc
1092 3314 1133 3359 est

54 3389 114 3444 sine
142 3389 295 3461 unguentis,
329 3399 376 3447 aut
401 3390 547 3455 inhonora,
571 3390 596 3447 id
620 3401 662 3448 est
684 3393 776 3447 mortis
799 3390 904 3446 bonore
927 3387 1052 3452 carentia,
1075 3389 1132 3446 sine

53 3471 202 3548 sepultura.

141 3639 173 3691 20
192 3637 268 3690 holus
288 3645 311 3688 a
382 3638 512 3690 calicoeP
533 3655 556 3689 r.
629 3639 659 3691 23
673 3636 777 3688 rombus
789 3638 823 3688 P:
843 3637 976 3688 scombros
995 3644 1018 3687 α
1077 3637 1131 3689 lau-

53 3704 128 3757 tiso
215 3708 248 3758 24
267 3705 396 3758 turdorum
417 3713 463 3772 ap
482 3722 496 3756 c
512 3746 518 3758 .
537 3707 650 3771 Sergius
674 3710 700 3755 et
717 3707 857 3771 Pompeius
881 3704 1015 3758 011le
1034 3723 1059 3771 p.
1079 3707 1130 3758 494

52 3775 124 3826 etV
133 3791 160 3839 p.
182 3775 230 3826 161
313 3776 346 3825 20
364 3774 496 3826 Emuleot
566 3774 658 3825 metuis
679 3780 703 3824 α
781 3773 1129 3825 ttntPerasatantd:

51 3841 99 3893 Ast
117 3849 164 3907 (tp
252 3843 336 3894 brutia
354 3843 479 3894 Pbrucia
500 3848 524 3892 α
628 3844 660 3895 29
678 3841 747 3893 iouio
767 3850 791 3893 α
896 3844 927 3894 30
947 3841 1091 3910 deliamque
1109 3844 1133 3892 Ρ

139 3911 274 3976 mergitA
344 3914 374 3963 31
394 3911 518 3963 lacarP
586 3913 618 3964 34
636 3926 688 3962 rem
708 3926 757 3962 om.
777 3919 800 3962 α
871 3913 902 3963 35
916 3910 1033 3962 Hossaa
1075 3910 1130 3960 ino-

53 3977 115 4030 dora
134 3979 167 4031 12:
187 3979 311 4030 inhonora
331 3986 355 4030 α
459 3929 540 4042 labit]
558 3978 590 4030 da
609 3983 638 4030 in
656 3995 763 4043 rasura,
782 3981 820 4033 bit
838 3979 1040 4045 superadditam
1058 3978 1080 4026 P

903 4066 939 4114 ᾨ-
