2528 4364
7 292 17 329 l

4 334 116 373 Λὶψί

14 921 91 1079 Μ,

130 224 171 281 94
580 223 753 276 IVVENALIS

126 345 210 369 mm
231 298 390 370 „auruli
410 327 490 360 :La-d·
513 293 606 358 Aa*
624 333 708 368 Μ
732 338 827 362 mau
847 342 1059 370 mmm
1078 348 1172 372 sm,

150 399 310 480 ..hisalias
323 406 466 476 poteram
489 404 518 456 et
540 396 633 475 pluris
655 394 833 457 subnectere
856 415 968 458 causas.
1164 409 1207 459 tto

129 483 179 544 sed
203 485 334 544 iumenta
357 489 464 542 vocant
486 489 516 541 et
537 482 582 541 sol
604 481 736 554 inclinat,
762 483 893 542 eundum
916 493 977 555 est;

130 586 196 628 nam
221 569 291 628 mibi
313 577 461 628 commota
484 567 541 625 iam
564 567 674 627 dudum
699 567 789 626 mulio
812 568 893 646 virga

128 654 239 714 adnuit.
284 671 355 730 ergo
377 652 439 711 vale
462 652 557 712 nostri
581 669 704 724 memor,
728 660 757 712 et
779 653 918 731 quotiens
940 661 968 712 te

128 739 220 798 Roma
243 747 295 798 tuo
318 738 400 798 refici
422 745 634 815 properantem
657 737 761 797 reddet
782 737 912 815 Aquino,
930 768 953 804 a·
1053 750 1126 808 Co...
1144 747 1222 845 75²
1258 787 1261 790 ,

127 843 174 884 me
197 842 316 902 quoque
338 824 373 896 ad
397 822 551 882 Helvinam
575 821 713 904 Cererem
735 830 921 900 vestramque
969 839 1066 882 ranam
1085 828 1147 880 a„
1162 832 1230 882 tto

127 917 267 970 converte
290 928 306 968 a
330 907 438 968 Cumis.
476 898 641 967 saturarum
665 926 731 986 ego,
756 909 787 968 ni
809 907 901 986 pudet
923 907 996 980 illas,
1207 894 1221 928 ‘

126 994 244 1076 adiutor
266 994 379 1073 gelidos
401 992 515 1052 veniam
541 992 682 1073 caligatus
704 992 735 1052 in
760 985 865 1072 agros?

0 1143 3 1161 μ
21 1114 25 1122 ·
88 1085 158 1161 :rm
556 1108 571 1124 Α
586 1109 591 1122 ¹
604 1112 617 1128 c«
640 1072 783 1183 &4quaean

576 1275 704 1328 SATVRA
723 1275 757 1327 IV

125 1379 204 1442 Ecce
227 1382 333 1441 iterum
357 1382 521 1462 Crispinus
545 1390 574 1442 et
596 1389 641 1441 est
662 1379 733 1439 mihi
757 1399 846 1458 saepe
868 1381 1017 1441 vocandus

125 1465 160 1524 ad
183 1475 293 1545 partes,
316 1476 484 1528 monstrum
507 1467 588 1527 nulla
611 1465 717 1525 virtute
740 1467 929 1544 redemptum

126 1551 249 1622 avitiis,
272 1569 377 1631 aegrae
400 1554 524 1630 solaque
547 1551 669 1611 libidine
692 1551 786 1612 fortes

125 1636 257 1706 deliciae,
283 1638 384 1699 viduas
399 1646 514 1698 tantum
537 1643 698 1714 spernatur
719 1635 843 1696 adulter.

125 1722 194 1799 quid
219 1723 311 1782 refert
332 1723 431 1800 igitur,
455 1723 574 1801 quantis
596 1721 728 1781 iumenta
752 1721 855 1798 fatiget

124 1806 298 1883 porticibus,
322 1817 431 1885 quanta
455 1824 611 1868 nemorum
633 1813 766 1866 vectetur
789 1805 820 1864 in
843 1804 958 1877 umbra,

123 2021 150 2070 et
171 2012 303 2070 Salustius
326 2012 400 2086 [Cot.
424 2011 475 2085 55]
497 2011 625 2068 meminit.
756 2013 815 2070 3l5
840 2009 964 2066 Vmbricii
985 2007 1086 2066 scilicet
1106 2008 1202 2066 verba:

122 2106 244 2171 poteram
268 2107 295 2154 et
316 2098 365 2152 alia
386 2097 556 2153 incommoda
578 2096 653 2152 urbis
675 2096 774 2160 dicere,
798 2097 849 2152 nisi
871 2095 990 2151 anImalia
1006 2111 1049 2151 me
1065 2103 1203 2151 vocarent.

210 2184 269 2240 317
294 2181 382 2238 innuit
402 2181 485 2238 mulio
509 2182 613 2237 raedae.
730 2184 790 2239 319
813 2181 876 2237 inde
898 2181 968 2237 enim
989 2179 1040 2236 luit
1062 2179 1202 2244 luvenalis,

123 2267 155 2322 de
184 2266 291 2340 Aquino
320 2267 424 2323 civitate
454 2267 620 2340 Campaniae.
751 2267 811 2325 320
841 2265 978 2321 Helvinam
1003 2264 1135 2322 Cererem.
1165 2263 1203 2320 ibi

121 2368 237 2425 namque
260 2353 330 2426 apud
351 2352 488 2426 Aquinum
510 2351 605 2408 colunt
626 2353 735 2409 numina
759 2368 849 2408 earum
871 2351 991 2414 dearum,
1016 2366 1083 2424 quae
1106 2349 1204 2407 colunt

120 2437 146 2492 iu
170 2436 268 2494 Galliis.

205 2523 239 2578 IV
261 2523 293 2579 de
315 2523 438 2579 convivio
461 2521 610 2578 Domitiani.
701 2526 714 2578 1
740 2521 890 2595 Crispinum
907 2520 978 2585 dicit,
1003 2520 1049 2593 qui
1063 2537 1112 2576 sua
1127 2528 1202 2576 terra

122 2614 244 2682 Aegypto
276 2607 462 2681 egentissimus
490 2606 542 2664 luit
569 2617 596 2664 et
623 2615 719 2681 postea
746 2606 833 2664 lactus
862 2615 903 2662 est
929 2604 1056 2678 magister
1077 2604 1200 2679 equitum

119 2693 242 2748 Neronis.
335 2709 414 2748 ame
435 2693 587 2757 vocandus,
617 2693 644 2748 id
667 2700 708 2749 est
729 2693 777 2767 qui
798 2708 879 2766 saepe
899 2691 969 2748 vitiis
991 2689 1075 2764 ipsius
1097 2689 1201 2746 excitor

119 2785 150 2832 ut
173 2777 281 2831 crImina
302 2777 387 2851 ipsius
409 2776 503 2834 dicam.
526 2794 591 2851 ergo
611 2767 721 2834 ‘iterum
737 2771 894 2852 Crispinus'.
982 2776 1000 2833 2
1024 2775 1116 2831 autad
1132 2791 1200 2847 par-

120 2870 161 2918 tes
184 2861 260 2934 quasi
282 2861 444 2926 comoediae,
468 2879 537 2935 quae
559 2863 659 2920 multae
681 2862 793 2919 suntin
815 2879 878 2927 una,
902 2869 948 2917 aut
967 2860 1001 2915 ad
1016 2867 1106 2934 partes
1121 2860 1200 2933 quasi

119 2945 232 3003 convivii
261 2953 288 3002 et
316 2945 486 3021 epulationis.
516 2946 550 3002 ita
580 2956 607 3003 et
628 2947 745 3004 Serenus
766 2946 836 3004 libro
858 2948 880 3003 ll
902 2947 939 3002 ait
957 2934 1027 3002 ‘non
1050 2941 1146 3018 dignus
1170 2945 1198 3000 in

119 3048 200 3106 quem
222 3030 333 3088 debeam
355 3041 472 3088 saturam
494 3031 624 3090 calentem
646 3020 809 3107 adcingere’.
917 3031 950 3087 ad
972 3031 1198 3105 vituperationem

120 3117 209 3192 operis
232 3118 292 3174 mei.
315 3117 471 3192 metaphora
494 3135 508 3174 a
531 3118 677 3174 comoedis.
700 3126 747 3174 aut
768 3128 840 3174 certe
863 3117 925 3191 quia
946 3116 1059 3172 scaenici
1081 3116 1115 3172 ad
1129 3131 1198 3189 par-

118 3211 158 3260 tes
186 3220 248 3259 suas
270 3202 358 3259 solent
381 3203 477 3259 vocari.
588 3205 605 3261 3
628 3203 725 3277 figura.
748 3203 877 3277 quidest
900 3198 1061 3275 Crispinus?
1087 3189 1198 3274 ‘aegrae

111 3276 228 3363 solaque
251 3287 360 3345 libidine
381 3287 466 3346 fortes
489 3277 617 3345 deliciae.
706 3290 723 3345 6
745 3289 878 3351 virdaria,
900 3285 948 3342 ubi
969 3285 1057 3342 solent
1079 3295 1195 3360 gestare.

204 3487 253 3538 317
273 3485 410 3538 iandadum
428 3488 452 3536 P
467 3486 547 3537 iamd-
563 3503 583 3552 p
682 3487 731 3537 320
750 3490 914 3553 uestramque
932 3489 976 3534 w:
994 3487 1147 3550 uestemque
1165 3485 1194 3544 P,

117 3557 143 3601 et
161 3553 266 3616 peridem
284 3569 331 3606 nes
349 3556 379 3603 in
397 3553 481 3604 ltturo
498 3556 602 3604 maiore
618 3570 646 3620 p,
665 3558 768 3622 tamque
786 3555 880 3615 iamP,
899 3567 911 3602 r
928 3565 1062 3616 nusquam
1080 3555 1196 3616 apparot

203 3621 253 3673 321
268 3621 394 3672 Conuerte
406 3623 433 3682 Ρ,
446 3624 657 3687 supersoeptum
668 3622 710 3674 uel
724 3621 849 3684 conuelle‚
867 3623 907 3672 sic
918 3626 958 3671 w.
977 3623 1066 3670 ortum
1081 3619 1113 3669 id
1125 3621 1193 3683 puto

116 3702 151 3737 on
164 3686 282 3753 conpelle
351 3690 400 3740 322
415 3688 522 3740 Adiutor
538 3696 607 3755 pw:
626 3689 742 3749 sortasse
754 3689 862 3742 Auditor
874 3691 902 3755 P,
918 3701 983 3738 nam
994 3687 1038 3738 diu
1050 3689 1081 3737 in
1092 3700 1194 3737 rasura

112 3770 132 3819 p
151 3757 260 3819 scripsit
275 3754 291 3805 d
309 3755 384 3815 sacta
402 3773 437 3807 oro
454 3771 472 3808 u

202 3837 234 3889 IV
253 3838 285 3890 de
303 3839 381 3906 piscis
399 3841 575 3906 magnitudine
601 3842 695 3921 tilulue
719 3845 750 3892 in
767 3843 791 3892 Ρ
829 3908 860 3922 ..
908 3843 1027 3961 Inpatres
1044 3841 1157 3892 Peon.
1172 3854 1192 3904 p

202 3909 312 3973 3eegra
330 3908 482 3974 Pregerp
553 3909 660 3976 tortrsp
748 3908 892 3962 Allelrcras
907 3925 934 3962 ιιι
953 3922 1002 3963 une
1015 3923 1046 3976 p.
1063 3904 1102 3970 os.
1118 3904 1193 3959 rrae

115 3975 190 4026 Italia
210 3975 277 4028 VIII
291 3974 333 4037 48,
351 3975 369 4025 6
438 3991 466 4026 as
483 3993 567 4043 cupra
584 3982 718 4044 spernatur
735 3977 796 4030 add.
811 3994 831 4045 p
849 3979 1038 4045 aspersam
