2528 4364
203 768 264 829 Nec
288 768 369 828 fonte
391 767 472 828 labra
495 767 593 846 prolui
616 767 771 841 caballino,

206 871 262 913 nec
285 853 315 913 in
338 853 452 931 bicipiti
474 852 635 914 somniasse
658 853 788 914 Parnaso

205 937 337 1010 memini,
360 946 392 998 ut
414 946 537 1016 repente
560 937 603 998 sic
624 948 712 1016 poeta
735 937 903 1017 prodirem;

208 1021 455 1100 Heliconidasque
478 1022 673 1102 pallidamque
695 1023 822 1083 Pirenen

207 1107 263 1168 illis
285 1107 413 1181 remitto,
436 1125 564 1186 quornm
587 1108 730 1186 imagines
752 1107 888 1168 lambunt

207 1191 333 1252 hederae
355 1209 511 1270 sequaces:
537 1192 600 1271 ipse
622 1194 830 1271 semipaganus

206 1277 243 1336 ad
265 1295 347 1337 sacra
370 1285 467 1337 vatum
491 1295 611 1338 carmen
634 1279 734 1338 adfero
758 1287 903 1338 nostrum.

208 1360 275 1439 quis
297 1362 443 1440 expedivit
464 1363 588 1441 psittaco
611 1381 698 1423 suum
721 1363 827 1423 chaere

208 1446 348 1524 picasquc
371 1447 472 1507 docuit
492 1446 583 1508 verba
606 1457 707 1509 nostra
730 1445 856 1508 conari?

138 1667 280 1742 prologus.
328 1673 340 1727 l
367 1668 507 1727 caballino.
539 1671 641 1732 ἵππου
667 1665 769 1751 κρήνη
799 1671 872 1744 quod
895 1669 1025 1726 Hesiodus
1059 1669 1135 1726 dicit.

56 1752 154 1810 dicitur
181 1753 252 1809 enim
279 1754 397 1828 Pegasus
426 1756 540 1812 errando
569 1756 602 1811 ad
625 1755 780 1812 Heliconem
802 1755 954 1829 pervenisse
976 1753 1068 1827 ibique
1088 1753 1136 1810 siti

55 1855 200 1912 oppressus
228 1839 328 1912 ungula
357 1839 466 1905 fodisse,
497 1857 528 1897 ex
551 1857 605 1913 quo
627 1840 689 1897 loco
712 1839 774 1897 lons
797 1841 884 1897 editus
906 1838 987 1896 llusis
1008 1839 1043 1894 sit
1064 1855 1136 1895 ron-

54 1932 183 1981 secratus.
269 1922 399 1980 caballino
427 1935 515 1982 autem
544 1925 622 1998 dicit,
651 1942 706 1982 non
735 1926 850 1999 equino,
880 1942 912 1981 co
936 1924 1010 1998 quod
1037 1925 1137 1982 satirae

55 2008 196 2065 humiliora
218 2008 386 2064 conveniant.
453 2011 471 2067 2
494 2010 641 2065 Parnasum
663 2010 827 2084 Delphorum
848 2018 968 2066 montem
990 2007 1063 2073 dicit,
1087 2008 1136 2083 qui

55 2093 136 2149 habet
164 2093 301 2148 cacumina
328 2094 397 2158 duo,
427 2094 524 2168 Nysam
551 2095 648 2151 hibero
677 2104 826 2158 sacratum,
856 2094 985 2153 Cirrham,
1003 2092 1134 2167 Apollini,

55 2177 127 2232 unde
150 2177 272 2233 Lucanus
295 2177 334 2250 [5‚
353 2176 403 2252 72]
420 2172 546 2235 ‘cardine
563 2180 695 2236 Parnasos
717 2180 823 2253 gemino
846 2180 914 2253 petit
931 2179 1037 2236 aethera
1052 2178 1134 2243 colle,

55 2278 133 2317 mons
154 2261 265 2318 Phoebo
288 2262 449 2336 bromioque
470 2259 566 2320 sacer'.
597 2266 683 2339 tangit
704 2273 792 2322 autem
814 2264 929 2321 Ennium
952 2263 997 2338 qui
1019 2262 1084 2320 dixit
1104 2280 1135 2320 se

55 2346 151 2403 vidisse
173 2364 222 2421 per
243 2347 378 2404 somnium
400 2349 428 2404 in
449 2349 567 2406 Parnaso
583 2351 728 2406 Homerum
749 2350 799 2406 sibi
822 2350 961 2413 dicentem,
985 2349 1059 2422 quod
1076 2348 1135 2405 eius

56 2432 141 2488 anima
162 2431 189 2487 in
213 2449 263 2489 suo
288 2442 358 2489 esset
379 2450 504 2508 corpore.
613 2440 631 2493 4
654 2435 750 2492 Pirene
771 2434 833 2491 lons
854 2435 881 2489 in
905 2433 1031 2491 Helieone
1051 2431 1135 2489 Husis

56 2526 239 2574 consecratus.
270 2518 394 2592 pallidam
427 2528 516 2576 autem
546 2521 608 2577 ideo
642 2521 715 2593 quod
744 2531 840 2594 poetae
861 2518 978 2593 paHeaot
998 2516 1137 2575 scribendi

55 2602 222 2660 lassitudine.
289 2607 305 2661 5
328 2603 459 2669 lambunt,
483 2605 560 2678 quasi
581 2605 671 2678 lingua
688 2613 809 2679 tergunt.
875 2604 1008 2662 dhedera
1027 2619 1136 2677 semper

56 2688 146 2743 viridis
169 2695 210 2743 est
232 2696 260 2743 et
280 2688 341 2744 ideo
363 2689 463 2745 hedera
485 2690 686 2748 coronabantur
707 2698 812 2764 poetae,
836 2690 898 2763 quia
920 2704 1018 2745 nomen
1036 2696 1136 2761 poetae

57 2788 163 2845 semper
190 2779 289 2828 manet.
354 2790 497 2846 sequaces,
528 2774 602 2848 quod
630 2775 689 2832 sine
715 2773 768 2831 fine
796 2782 945 2848 sequantur
972 2782 1000 2830 et
1027 2781 1135 2847 repant.

142 2855 327 2929 semipaganus
348 2859 504 2932 semipoeta.
527 2869 553 2916 et
574 2861 627 2916 hoc
641 2859 722 2916 verbo
737 2859 830 2915 humili
849 2858 957 2915 satirico
972 2857 1052 2914 modo
1068 2874 1136 2913 usus

60 2949 111 2998 est.
155 2941 250 3014 pagani
272 2941 399 2998 dicuntur
420 2944 522 3009 rustici,
547 2945 670 3019 quinon
692 2953 826 3001 noverunt
846 2944 952 3000 urbem.
1040 2943 1058 3000 8
1081 2942 1137 2999 hoc

58 3025 130 3091 dicit,
155 3025 228 3100 quod
252 3042 306 3081 non
328 3043 421 3084 omnes
444 3038 538 3086 natura
560 3046 609 3086 sua
630 3029 684 3085 sint
706 3040 810 3103 poetae,
834 3028 881 3086 sed
902 3029 1004 3087 ventris
1026 3034 1054 3083 et
1068 3043 1136 3100 ege-

57 3111 134 3169 statis
156 3111 315 3168 necessitate
337 3121 478 3187 cogantnr,
501 3122 529 3170 et
550 3114 602 3170 hoc
624 3114 658 3171 de
678 3113 772 3170 avibus
794 3115 901 3188 probat.
924 3130 985 3170 nam
1000 3111 1137 3186 hodieque

57 3196 176 3254 ridemus
198 3196 326 3270 psittacos
348 3198 496 3255 esurientes
519 3199 644 3256 vocaliter
666 3208 787 3274 strepere
809 3207 836 3256 et
853 3209 945 3278 χαῖρε
967 3198 1064 3254 dicere.

144 3299 224 3339 suum
251 3289 339 3339 autem
361 3285 436 3356 quasi
458 3283 589 3341 naturale.
677 3287 694 3343 9
719 3284 821 3341 conari.
843 3293 870 3341 et
892 3282 1004 3339 blandiri
1025 3280 1136 3355 legitur.

148 3494 315 3547 Oboliambos
330 3498 360 3546 in
377 3495 432 3559 fiae
450 3504 474 3548 α
492 3501 554 3547 onte
570 3495 581 3548 1
598 3501 720 3548 saturam
737 3499 761 3548 P
775 3500 853 3549 babet
939 3500 954 3550 3
972 3494 1077 3547 Memini
1094 3509 1137 3546 me

61 3563 157 3613 utaP
234 3564 371 3629 prodierim
390 3566 414 3615 P
492 3563 705 3617 4Aeliconiadas
722 3569 817 3617 omisso
835 3579 886 3632 quc
905 3571 928 3615 α
946 3561 1136 3629 Hliconiadasq.

60 3629 84 3679 P
149 3645 263 3697 pyrenen
282 3633 306 3682 P
320 3632 420 3683 sirenen
439 3639 463 3683 α
575 3637 590 3687 5
609 3633 724 3685 ambiunt
742 3640 766 3684 α
784 3634 800 3686 i.
818 3633 933 3686 ambiunt
950 3633 992 3684 uel
1011 3634 1137 3684 coronant

59 3711 141 3762 super
157 3698 274 3750 lambunt
290 3703 421 3766 seriptum
439 3704 469 3751 in
486 3703 510 3752 P
587 3702 733 3769 Bexpediit
751 3709 775 3753 α
852 3700 1011 3768 psitachoP
1077 3713 1137 3750 cere

61 3765 281 3884 {ulzisstestqladqiq
293 3770 439 3886 infflrete
461 3776 546 3890 χαῖῖΙε
569 3787 603 3825 συ
625 3772 699 3835 πῖνε)
722 3776 746 3820 α
759 3769 830 3850 ¹here
847 3772 871 3821 P
890 3769 1138 3887 (quipqucn'ptum

69 3849 96 3884 m
113 3849 128 3883 θ
146 3840 328 3955 ueerthdtra
346 3837 622 3958 PtcknddllrdssuerHffja
703 3841 718 3890 9
736 3837 862 3905 measque
880 3839 935 3888 ap.
975 3849 1093 3902 mamque
1112 3841 1137 3885 α
