2528 4364
30 188 32 193 ’
137 203 178 262 34
623 201 727 257 rnasu

135 377 296 456 quaesieris
315 371 428 439 ‘nostin
452 376 559 438 Vettidi
581 366 749 456 praedial’:
769 366 903 437 ‘cuius‘l'

132 456 226 525 ‘dives
247 471 310 523 arat
333 463 459 524 Curibus
482 470 624 540 quantum
648 480 710 522 non
735 461 841 521 miluus
864 452 960 522 errat.²

132 540 228 608 ‘bunc
250 549 301 621 ais,
323 549 405 609 hune
427 548 471 609 dis
492 548 575 609 iratis
597 547 747 626 genioque
769 546 899 622 sinistro,

135 634 194 712 qni,
220 632 398 713 quandoque
420 633 522 712 iugum
545 643 666 711 pertusa
688 633 723 692 ad
748 632 875 711 compita
897 632 970 710 tigit,

136 717 260 778 seriolae
283 727 410 779 veterem
434 726 571 778 metuens
595 716 736 778 deradere
758 717 871 789 limum,

135 803 260 882 ingemit
278 795 360 864 “boc
382 803 460 863 benc
482 793 542 864 sit''
568 803 732 863 tunicatum
756 821 824 862 cnm
846 802 906 862 sale
928 801 1069 864 mordens
1184 814 1212 865 30

135 905 234 967 caepe,
258 896 288 948 et
309 889 416 949 farrata
439 888 539 967 pueris
561 887 772 966 plaudentibus
795 886 849 947 olla

135 991 301 1051 pannosam
323 974 435 1034 faecem
458 972 613 1033 morientis
635 971 737 1034 sorbet
758 970 856 1032 aceti?

133 1067 162 1117 at
184 1059 209 1118 si
231 1067 341 1118 unctus
363 1076 461 1119 cesses
483 1066 514 1118 et
535 1059 606 1136 figas
629 1060 659 1117 in
684 1065 752 1117 cute
773 1057 876 1136 solem,

860 962 869 988 )

132 1246 201 1302 qnae
230 1238 292 1286 ante
320 1238 416 1304 pectus
446 1239 501 1295 est,
532 1229 616 1285 aliena
645 1230 720 1294 vitia,
743 1229 769 1284 in
794 1247 824 1286 ea
845 1247 909 1286 vero
932 1247 1001 1303 quae
1023 1247 1037 1287 a
1061 1240 1138 1304 tergo
1162 1239 1210 1296 est,

133 1323 235 1371 nostra.
259 1331 346 1389 eoque
374 1315 461 1371 evenit
489 1322 520 1370 ut
548 1315 631 1371 aliena
662 1315 754 1388 potius
784 1313 880 1371 delicta
901 1333 982 1389 quam
1002 1317 1114 1390 propria
1135 1317 1212 1374 vide-

131 1416 216 1455 amus.
296 1401 417 1474 Zopyrus
433 1399 607 1474 physiologos
622 1399 655 1456 de
668 1399 744 1456 vultu
767 1399 904 1456 bominum
927 1417 1016 1457 mores
1038 1401 1210 1474 agnoscebat.

132 1486 177 1558 qui
201 1486 315 1541 eumad
338 1485 476 1542 Socratem
497 1485 609 1550 veniret,
632 1486 669 1541 ait
690 1485 715 1540 ei
729 1478 905 1541 ‘libidinosus
927 1481 976 1546 es'.
1021 1495 1048 1541 at
1070 1486 1146 1542 illum
1167 1487 1210 1541 in-

130 1570 205 1625 iuriis
228 1569 349 1644 discipuli
372 1569 478 1627 allicere
500 1571 652 1632 voluerunt.
676 1570 749 1643 quod
772 1571 806 1627 de
827 1570 955 1644 magistro
972 1587 1065 1627 eorum
1082 1571 1210 1628 iniuriose

128 1654 237 1711 loeutus
266 1655 309 1711 sit.
353 1663 418 1713 tunc
446 1655 491 1712 ille
520 1656 556 1713 ait
578 1649 709 1728 ‘parcite
740 1672 800 1711 sum
829 1656 937 1729 quidem
965 1655 1134 1721 libidinosus,
1165 1657 1210 1713 sed

130 1757 218 1797 meum
242 1749 283 1797 est
304 1740 388 1814 ipsam
409 1741 545 1797 libidinem
567 1735 694 1797 vincere‘.
782 1741 820 1798 25
845 1741 977 1797 Vetidium
999 1742 1133 1815 quendam
1149 1741 1211 1798 dicit

129 1825 156 1881 in
179 1825 282 1882 Sabinis
309 1826 491 1899 possidentem
520 1823 626 1899 praedia
653 1841 708 1880 non
732 1841 826 1898 pauca.
915 1829 953 1884 26
977 1825 1106 1892 Curibus,
1137 1828 1208 1900 quod

128 1928 226 1970 nomen
248 1911 303 1968 loci
324 1920 381 1976 est,
405 1912 479 1968 unde
502 1920 528 1966 et
549 1911 617 1967 luno
641 1908 735 1965 Curitis
759 1910 870 1975 dieitur,
898 1912 960 1985 quia
981 1911 1019 1969 ibi
1040 1911 1211 1969 vehementer

129 1996 236 2053 colitur.
303 1996 354 2052 dici
376 1995 446 2051 solet
467 1996 615 2051 secundum
645 1993 818 2068 proverbium
833 1990 982 2069 ‘quantum
1005 1996 1077 2053 milvi
1098 1991 1209 2053 volant'.

128 2081 231 2138 inducit
252 2096 317 2154 ergo
340 2096 389 2154 per
412 2079 543 2136 Vetidium
566 2079 615 2136 diis
637 2079 710 2136 iratis
733 2090 760 2136 et
775 2080 844 2137 malo
867 2082 946 2154 genio
969 2092 1056 2147 natos,
1080 2082 1126 2156 qui
1150 2098 1210 2139 eum

129 2165 223 2222 divites
252 2165 319 2229 sint,
350 2165 473 2221 esuriunt
500 2173 527 2221 et
549 2164 603 2221 sale
626 2174 652 2222 et
675 2182 754 2238 caepe
783 2175 929 2223 vescuntur
951 2176 978 2224 et
999 2183 1109 2240 poscam
1132 2167 1208 2224 etiam

127 2251 155 2306 in
183 2249 312 2308 sacrificio
340 2249 438 2316 libant,
470 2250 531 2306 dum
558 2267 614 2306 non
642 2250 725 2307 velint
753 2249 852 2307 dolium
875 2252 928 2307 vini
950 2268 1079 2308 reserare.

215 2337 254 2394 28
278 2336 395 2409 compita
424 2345 488 2392 sunt
514 2334 572 2392 loca
600 2335 628 2391 in
656 2335 798 2410 quadriviis
828 2337 905 2411 quasi
934 2346 1031 2401 turres,
1055 2336 1102 2393 ubi
1124 2338 1209 2394 saeri-

127 2419 186 2477 ficia
208 2421 283 2478 linita
304 2419 468 2494 agricultura
483 2422 584 2483 ‚rustici
606 2420 786 2478 celebrabant.
830 2421 925 2478 merito
940 2431 1059 2495 pertusa,
1083 2422 1145 2496 quia
1161 2439 1209 2496 per

126 2523 219 2564 omnes
247 2515 376 2581 quattuor
403 2515 492 2581 partes
519 2515 638 2580 pateant.
669 2505 710 2562 vel
738 2515 851 2565 vetusta.
885 2515 932 2563 aut
961 2509 1076 2582 compita
1097 2508 1208 2582 proprie

125 2608 139 2647 a
162 2593 341 2666 competendo
371 2592 400 2648 id
428 2602 470 2649 est
496 2592 575 2648 simul
606 2590 737 2656 bibendo,
765 2601 876 2665 pertusa
897 2599 994 2657 autem,
1019 2594 1080 2667 quia
1101 2594 1207 2667 pervius

126 2678 254 2733 transitus
284 2687 323 2734 est
353 2687 380 2734 et
401 2677 464 2734 viris
486 2685 514 2733 et
537 2676 652 2734 leminis.
695 2676 739 2733 vel
760 2677 908 2750 compitum
929 2688 971 2734 est
994 2694 1049 2734 non
1071 2678 1160 2734 solum
1182 2680 1207 2734 in

125 2761 194 2817 urbe
221 2759 298 2817 locus
329 2762 356 2816 in
378 2778 459 2835 quem
480 2761 601 2835 plurimis
625 2762 672 2817 viis
693 2762 756 2826 itur,
785 2763 833 2818 sed
855 2762 933 2818 etiam
955 2761 1011 2819 viae
1032 2762 1158 2837 publicae
1179 2779 1208 2820 ac

104 2895 108 2899 .
127 2845 282 2902 deverticuli
310 2845 414 2919 aliquot
442 2845 606 2910 confinium,
636 2844 682 2903 ubi
705 2846 839 2905 aediculae
861 2857 1054 2904 consecrantur
1075 2857 1207 2922 patentes.

125 2931 185 2987 ideo
207 2940 318 3004 pertusa
340 2931 373 2986 ad
398 2931 522 3005 compita.
566 2931 594 2986 in
616 2932 656 2987 bis
678 2930 762 2988 fracta
784 2933 845 3005 iuga
868 2931 901 2988 ab
924 2933 1048 3006 agricolis
1065 2942 1207 3007 ponuntur

124 3016 200 3072 velut
220 3016 324 3072 emeriti
346 3025 373 3072 et
395 3015 522 3073 elaborati
545 3017 634 3090 operis
660 3016 796 3082 indicium,
826 3017 882 3073 sive
904 3018 977 3090 quod
1001 3034 1081 3074 omne
1102 3019 1206 3076 instru-

123 3112 244 3159 mentum
276 3101 426 3159 existiment
449 3118 564 3158 sacrum.
610 3102 650 3158 vel
673 3101 789 3175 compita
812 3103 952 3166 dicuntur,
982 3103 1015 3159 ad
1038 3120 1107 3176 quae
1129 3103 1207 3178 plura

123 3188 219 3244 itinera
242 3196 408 3260 competunt.
539 3189 578 3246 29
602 3186 699 3243 seriola
725 3196 765 3244 est
788 3203 913 3243 orcarum
936 3188 1002 3243 ordo
1026 3188 1143 3246 directus
1165 3189 1205 3245 vel

124 3290 168 3329 vas
192 3272 273 3330 fictile
296 3273 357 3329 vini
489 3274 527 3330 30
551 3272 707 3336 tunicatum,
731 3271 822 3329 multis
843 3272 922 3328 coriis
944 3281 1097 3346 purgatum.

210 3360 247 3417 31
272 3359 351 3432 pueri
379 3356 467 3432 pultes
490 3366 588 3414 amant.
676 3358 714 3414 32
739 3357 802 3412 mira
829 3357 942 3414 auxesis.
987 3375 1042 3414 non
1064 3357 1130 3416 boni
1152 3359 1205 3415 vini

123 3450 165 3498 set
189 3443 215 3498 in
238 3453 315 3500 aceto
339 3442 484 3500 morientis.
530 3459 609 3516 saepe
631 3442 700 3499 enim
723 3441 844 3499 videmus
866 3451 897 3499 ut
920 3452 1095 3501 evanescente
1110 3461 1205 3519 sapore

125 3537 329 3600 corrumpatur.
373 3529 448 3603 quod
470 3527 550 3602 vulgo
573 3543 658 3601 vappa
681 3527 786 3584 dicitur.

211 3692 244 3743 25
262 3688 395 3750 Quaesieri
414 3706 474 3742 cum
492 3705 504 3742 s
522 3707 604 3758 cuper
621 3691 726 3741 adiecta
744 3691 768 3741 Ρ
783 3688 910 3750 Quesierit
929 3698 952 3741 dt
1057 3691 1150 3744 uettidi
1169 3694 1202 3744 P:

122 3756 228 3809 uettidis
244 3775 263 3824 p
281 3759 371 3810 uictidi
391 3766 415 3809 α
501 3761 534 3812 26
553 3761 646 3811 miluus
670 3765 725 3810 erat
749 3766 772 3809 α
798 3759 891 3811 miluus
919 3761 1021 3812 oberret
1038 3761 1204 3826 florilegium

120 3827 299 3893 Frisingenee
316 3829 392 3888 (mua.
410 3829 484 3879 rhen.
503 3829 537 3880 43
550 3844 579 3893 p.
597 3827 658 3890 502)
676 3856 707 3894 :e
761 3829 793 3879 29
813 3828 907 3878 ueteris
926 3835 950 3878 α
1049 3831 1081 3880 30
1100 3830 1203 3880 mordes

120 3894 190 3961 Ppr.
258 3896 291 3948 3¹1
310 3893 404 3947 farrata
421 3896 455 3946 1’:
474 3894 603 3947 sariratam
623 3903 647 3946 00
716 3893 820 3963 ollale:
840 3895 917 3947 ollam
937 3903 961 3946 α
1043 3899 1075 3948 33
1094 3899 1116 3948 Α
1136 3897 1158 3948 si
1177 3904 1201 3948 dt

204 3961 321 4031 rapsa
338 3962 444 4029 frieaep
