2514 4350
461 185 582 238 LIBERI
617 185 750 239 SATVRA
767 188 797 239 lll
1123 187 1163 246 89

94 370 127 419 tu
150 358 263 432 nescis;
288 376 355 419 nam
378 359 402 418 si
425 357 566 436 gradibus
588 358 753 436 trepidatur
775 358 811 418 ab
834 360 909 442 imis,
1121 372 1164 421 220

92 444 213 505 ultimus
236 443 351 505 ardebit
374 461 462 521 quem
485 445 583 520 tegula
605 445 667 504 sola
689 455 789 504 tuctur
814 439 913 494 ‹Ch-—

90 548 106 588 a
130 529 236 606 pluvia,
259 529 363 589 molles
385 527 437 589 ubi
459 529 589 589 reddunt
610 547 663 588 ova
686 528 849 589 columbae.

90 613 184 675 lectus
207 625 269 674 erat
292 613 389 688 Codro
411 613 537 697 Procula
560 615 667 686 minor,
692 615 804 674 urceoli
826 631 877 674 sex
895 648 1019 714 Μ
1140 651 1187 696 a,

93 708 303 759 ornamentum
325 699 408 759 abaci
430 716 486 759 nec
510 718 571 759 non
595 709 625 759 et
646 699 786 777 parvulus
807 699 885 758 infra
900 706 1113 807 mm
1141 733 1196 798 Q
1231 760 1235 765 ,

93 785 262 857 cantharus,
286 795 316 845 et
337 782 485 844 recubans
507 784 562 844 sub
585 784 690 844 ecdem
712 802 861 844 marmore
884 783 971 862 Chiro
992 754 1164 890 amisti

93 868 210 946 iamque
233 878 316 929 vetus
337 888 461 947 graecos
483 868 616 930 servabat
637 870 711 946 cista
733 869 857 942 libellos,
867 872 972 927 ema}

93 964 122 1012 et
145 953 242 1014 divina
266 954 343 1033 opici
367 955 512 1015 rodebant
533 954 662 1016 carmina
686 972 796 1015 muros.
819 959 936 1055 1227?ae

92 1038 134 1098 nil
157 1037 260 1099 hahuit
282 1038 404 1113 Codrus
428 1040 495 1117 quis
517 1040 598 1100 enim
621 1037 731 1118 negat?
754 1048 902 1100 ettamen
926 1036 997 1099 ilud
1139 1078 1242 1139 M

91 1123 220 1200 perdidit
242 1123 344 1184 infelix
366 1133 462 1200 totum
487 1124 568 1199 nihil.
612 1125 734 1202 ultimus
756 1109 905 1185 autem*
969 1165 973 1172 ι
1023 1089 1148 1219 iffi

1123 1220 1166 1270 210

1132 607 1203 647 *mie

92 1226 252 1268 aerumnae
275 1221 318 1270 est
341 1210 488 1294 cumulus,
512 1211 590 1287 quod
615 1194 728 1270 nudum
752 1219 781 1269 et
803 1151 1074 1288 frusffleb

92 1312 180 1354 nemo
204 1294 281 1367 cibo,
304 1312 391 1354 nemo
414 1295 543 1373 hospitio
567 1305 706 1373 tectoque
728 1294 878 1355 iuvabit*
933 1331 989 1401 Α
1002 1339 1123 1392 m
1177 1329 1243 1384 M

93 1379 117 1439 si
138 1396 247 1456 magna
269 1379 396 1458 Asturici
419 1379 525 1439 cecidit
547 1380 661 1450 domus,
686 1380 803 1455 horrida
826 1388 930 1455 mater,

93 1463 195 1541 pullati
218 1481 368 1543 proceres,
391 1463 490 1533 differt
512 1464 676 1540 vadimonia
700 1474 828 1542 praetor.
846 1470 931 1552 jeu).
953 1481 997 1550 pp
1012 1460 1074 1518 aba.
1089 1476 1205 1522 amt-

92 1557 154 1607 tum
178 1548 324 1626 gemimus
347 1566 432 1608 casus
454 1547 546 1621 urbis,
568 1556 642 1608 tunc
665 1548 780 1609 odimus
801 1549 921 1626 iguema

88 1630 176 1705 ‘ardet
198 1633 303 1709 adhuc,
327 1642 356 1692 et
378 1633 436 1692 iam
458 1632 589 1693 accurrit
612 1634 661 1710 qui
684 1651 830 1692 marmora
852 1634 953 1701 donet,
1123 1644 1166 1694 215

93 1720 229 1799 conlgrat
251 1717 407 1796 inpensas;
430 1718 477 1777 hic
501 1718 579 1778 nuda
603 1729 633 1778 et
654 1717 777 1778 candida
801 1717 894 1795 sigua,
905 1707 1064 1765 W·

92 1803 141 1863 bic
164 1803 274 1881 aliquid
297 1804 482 1881 praeclarum
504 1803 711 1883 Euphranoris
733 1813 763 1862 et
784 1802 929 1881 Polycliti,
1053 1824 1063 1850 2
1093 1822 1111 1839 ·‘

93 1888 165 1967 hacc
187 1888 364 1949 Asianorum
386 1897 484 1948 vetera
508 1900 684 1966 ornamenta
707 1889 841 1960 deorum,
861 1875 1069 1986 ⁶⁶7⁸?

92 1973 141 2034 hic
163 1973 255 2034 libros
278 1972 359 2033 dabit
381 1983 410 2034 et
432 1974 544 2034 forulos
566 1975 752 2051 mediamque
775 1973 935 2033 Minervam

92 2059 141 2119 hic
165 2059 296 2144 modium
318 2059 444 2137 argenti.
490 2059 611 2135 meliora
633 2078 668 2120 ac
691 2060 776 2138 plura
798 2057 919 2137 reponit
934 2084 1030 2124 ama..
1045 2045 1255 2144 ffltb‘m

91 2143 392 2305 Perwrbfflm
414 2144 595 2231 lautissimus
617 2154 647 2205 et
668 2144 774 2205 merito
797 2143 854 2203 iam
877 2127 1055 2187 W

86 2231 145 2260 W

90 2365 139 2405 ora
160 2357 230 2405 tecta
252 2358 279 2404 et
299 2350 420 2423 tristega.
540 2351 600 2407 202
624 2351 685 2423 quia
707 2367 789 2423 super
811 2358 883 2405 tecta
904 2346 1069 2404 columbaria
1089 2346 1168 2403 fiunt.

178 2435 237 2491 203
261 2450 364 2507 pauper
384 2443 474 2508 poeta,
497 2435 574 2490 cuius
597 2442 624 2488 et
644 2451 726 2507 supra
748 2433 788 2506 [1.
813 2425 844 2512 2]
866 2431 994 2488 meminit.
1107 2431 1168 2487 204

91 2519 164 2592 quod
186 2534 237 2572 nos
259 2518 406 2592 delphicam
428 2516 602 2591 appellamus.
713 2519 773 2575 205
797 2516 1022 2590 quemadmodum
1044 2513 1170 2570 solentc

91 2601 268 2659 marmoribus
290 2601 378 2658 lacere
399 2602 484 2676 sigilla
507 2602 619 2657 diversa.
706 2620 721 2658 a
742 2601 893 2675 posteriore
914 2609 990 2674 parte
1010 2597 1169 2655 recumbens

90 2689 330 2761 hippocentaurus.
445 2688 506 2745 207
530 2686 618 2760 opizin
641 2687 732 2743 Graeci
755 2687 849 2743 dicunt
870 2685 965 2766 de0his
988 2685 1033 2758 qui
1055 2683 1169 2758 inperite

90 2774 230 2829 locuntur.
252 2771 297 2827 alii
319 2772 411 2846 opicos
434 2771 527 2830 dicunt
550 2788 596 2827 eos
619 2773 665 2845 qui
683 2771 789 2829 loedam
804 2788 896 2827 vocem
911 2769 1019 2826 habent.
1107 2770 1166 2827 211

91 2855 200 2914 iuvabit.
223 2857 350 2932 suscepit.
438 2859 499 2915 212
523 2855 621 2913 nobilis
644 2857 786 2913 senatoris.
874 2864 986 2930 aparte
1010 2865 1111 2920 totum,
1143 2855 1168 2911 id

92 2952 132 3000 est
153 2952 301 2999 matronae.
412 2943 471 3002 213
495 2941 598 3016 pullati.
622 2959 682 2998 cum
705 2942 787 3015 nigris
809 2941 927 2998 vestibus
948 2939 1082 3014 lugentes.

177 3028 239 3086 214
262 3037 320 3085 tum
341 3029 470 3103 gemimus
493 3044 579 3084 casus.
603 3044 658 3083 non
680 3027 839 3085 incandiunt
860 3026 929 3082 lares
944 3025 1031 3082 nostri
1045 3035 1092 3081 aut
1106 3040 1170 3096 prae

91 3113 197 3169 tristitia
223 3123 270 3169 aut
297 3123 412 3188 propter
433 3130 537 3178 casum,
568 3129 618 3169 nec
640 3113 731 3169 locum
752 3112 780 3168 in
802 3113 882 3168 domo
905 3120 998 3167 nostra
1019 3108 1076 3164 fieri
1098 3108 1170 3180 pati-

90 3216 160 3269 mur,
184 3200 256 3272 qucd
280 3209 308 3255 et
320 3199 445 3272 lugentes
461 3197 604 3254 observare
618 3198 716 3254 solent.
804 3198 865 3255 216
881 3204 983 3252 statuas
997 3208 1168 3248 marmoreas.

177 3285 237 3340 217
263 3283 440 3340 Athenienses
464 3283 609 3339 caelatores
631 3282 751 3338 luerunt.
841 3282 901 3339 218
917 3281 983 3335 baec
998 3278 1168 3333 Asianorum.

92 3367 293 3440 superstitiosae
306 3378 413 3440 gentem
427 3368 582 3424 nominarit.
670 3368 731 3424 219
748 3366 888 3422 armariam
903 3365 958 3420 sive
974 3361 1169 3418 bibliothecam.

179 3451 237 3508 221
256 3452 393 3508 Persicum
415 3453 492 3526 quasi
513 3453 620 3508 divitem
641 3452 734 3525 posuit
755 3467 786 3506 eo
810 3451 885 3525 quod
901 3450 998 3505 Persae
1014 3447 1116 3504 divites.
1131 3447 1170 3503 sic

93 3534 217 3591 Horatius
240 3534 297 3609 [od.
324 3538 349 3601 1,
375 3537 424 3600 38,
451 3535 478 3609 1]
497 3527 633 3593 ‘Persicos
656 3531 719 3592 odi'.
743 3536 882 3592 Terentius
905 3531 966 3609 [Aa.
984 3529 1056 3605 915]
1074 3521 1170 3588 ‘diuu-

180 3735 229 3786 203
248 3733 331 3784 Codro
349 3762 381 3770 —
401 3747 447 3784 sex
466 3749 515 3784 om.
533 3734 667 3796 Padd.p
744 3734 793 3784 205
812 3731 900 3782 chiron
914 3748 934 3797 p
1005 3733 1054 3785 210
1073 3736 1169 3782 00100-

92 3804 195 3869 putauit
210 3819 228 3868 p
248 3818 299 3854 om.
318 3808 358 3864 w,
376 3808 448 3852 recte
463 3805 539 3867 poto,
559 3799 594 3861 of.
615 3804 662 3854 197
749 3800 842 3851 frustra
860 3801 927 3866 Ppr.
1023 3800 1072 3851 212
1090 3798 1168 3850 asturi

93 3875 214 3936 perosis
232 3871 256 3921 ci
338 3873 389 3922 214
406 3868 473 3921 Tum
493 3869 618 3934 gemimus
636 3871 660 3920 Ρ
675 3874 739 3932 (non
757 3867 829 3920 'l'unc
846 3884 895 3918 nee
912 3868 1038 3933 geminus)
1119 3868 1168 3918 215

95 3938 239 4004 occurritp
311 3941 359 3992 217
379 3939 506 4006 poluclyti
524 3942 580 3989 tum
598 3937 663 4004 poli·
681 3939 705 3988 P
771 3939 821 3990 218
840 3936 949 3988 llaecas-
971 3936 1033 3984 PS:
1044 3933 1144 3980 *deess-
1158 3947 1178 3986 n
