2528 4364
518 218 650 272 sorvita
668 220 692 272 V

64 392 156 466 disce,
180 391 231 452 sed
254 390 297 451 ira
318 392 403 452 cadat
425 411 497 453 naso
521 410 690 470 rugosaque
713 412 816 467 sanna,

64 478 137 539 dum
159 484 273 537 veteres
295 477 373 537 arias
395 476 448 537 tibi
471 478 507 537 de
529 477 672 556 pulmone
695 479 813 540 revello.

65 581 128 624 nou
152 561 297 641 praetoris
320 570 383 622 erat
404 561 501 623 stultis
524 564 592 623 dare
615 564 712 624 tenvia
736 583 837 625 rerum

65 647 164 709 officia
186 655 274 726 atque
297 665 383 708 usum
406 647 525 726 rapidae
548 649 719 725 permittere
742 650 834 710 vitae:

64 731 236 795 sambucam
259 732 345 793 citius
368 732 465 793 caloni
488 734 631 812 aptaveris
654 734 722 794 alto.

63 825 122 880 stat
144 824 248 878 contra
271 817 345 878 ratio
369 827 397 877 et
419 827 563 879 secretam
586 819 678 897 garrit
700 820 730 880 in
754 838 864 891 aurem,

64 922 104 964 ne
126 903 212 964 liceat
235 903 332 964 facere
355 902 383 962 id
407 903 487 980 quod
510 904 575 981 quis
596 903 709 964 vitiabit
733 906 857 984 agendo.

63 987 184 1068 publica
207 988 253 1048 lex
275 988 429 1048 bominum
454 997 617 1066 naturaque
640 991 777 1051 continet
799 993 856 1052 boc
878 992 931 1065 ias,

63 1082 98 1135 ut
119 1082 220 1137 teneat
240 1073 346 1134 vetitos
368 1073 482 1133 inscitia
505 1073 609 1134 debilis
631 1083 723 1136 actus.

63 1157 152 1220 diluis
175 1157 348 1229 elleborum,
372 1169 454 1218 certo
478 1177 659 1238 conpescere
682 1170 794 1239 puncto

64 1243 184 1304 nescius
207 1241 353 1304 examen?
377 1252 452 1304 vetat
473 1244 532 1304 boc
554 1255 659 1305 natura
682 1245 829 1307 medendi.

64 1346 170 1389 navem
193 1328 218 1389 si
240 1337 343 1408 poscat
364 1328 420 1389 sibi
443 1339 606 1407 peronatus
627 1339 726 1391 arator

64 1413 181 1475 luciferi
203 1413 296 1487 rudis,
319 1413 462 1474 exclamet
484 1413 634 1475 Melicerta
657 1416 769 1494 perisse

65 1499 197 1560 frontem
221 1498 256 1558 de
279 1499 378 1560 rebus.
417 1500 469 1559 tibi
492 1510 574 1560 recto
596 1501 694 1561 rivere
717 1501 775 1561 talo

62 1602 111 1644 ars
133 1581 235 1644 dedit‘l
258 1592 287 1644 et
308 1585 384 1645 voris
407 1585 536 1662 speciem
560 1584 716 1646 dinoscere
739 1586 836 1659 ealleS,
1100 1596 1143 1646 105

63 1687 161 1746 nequa
184 1668 340 1729 subaerato
364 1670 540 1730 mendosum
563 1671 671 1730 tinniat
692 1668 785 1731 auro?

63 1772 200 1833 quaeque
223 1755 373 1833 sequenda
397 1757 506 1828 forent,
530 1774 664 1834 quaeque
688 1756 820 1816 evitanda
842 1755 980 1828 vicissim,

59 1894 129 1967 legis
144 1893 297 1950 consultus
325 1892 386 1949 luit.
415 1893 548 1950 rubricam
576 1903 654 1951 vocat
677 1894 866 1968 miniumque
889 1894 960 1951 tituli
981 1893 1071 1966 legum
1093 1892 1142 1949 ad-

60 1977 235 2035 notabantur.
324 1980 360 2036 91
386 1979 466 2043 disce,
490 1980 585 2054 inquit,
609 1991 636 2036 et
659 1982 750 2037 desine
772 1982 858 2045 irasci,
882 1997 936 2054 quo
948 1979 1058 2053 possim,
1079 1979 1143 2034 dum

61 2063 299 2121 subsannationem
321 2065 458 2137 posueris,
486 2065 569 2121 aniles
591 2064 693 2122 fabulas
717 2083 784 2140 quas
806 2066 903 2131 nutris,
932 2066 965 2122 de
989 2064 1039 2122 tuis
1061 2081 1143 2139 prae-

61 2149 159 2206 cordiis
180 2148 328 2206 extrahere.
437 2153 475 2208 95
500 2150 607 2207 calones
630 2153 755 2208 dicuutur
776 2152 902 2209 militares
924 2151 1002 2211 servi.
1088 2150 1142 2206 alto

61 2234 127 2292 (lixit
155 2234 229 2308 quod
258 2233 363 2308 proceri
393 2234 529 2307 eliguntur
555 2246 667 2310 propter
689 2236 752 2294 belli
775 2238 969 2294 necessitatem.
1003 2244 1049 2293 aut
1071 2244 1143 2293 certe

61 2319 116 2377 alto
147 2320 221 2393 quod
248 2319 301 2376 alte
330 2320 486 2394 cinguntur.
523 2330 569 2378 aut
598 2322 651 2379 alto
675 2324 747 2397 quod
770 2322 880 2395 superbi
901 2331 974 2378 sunt.
1012 2321 1143 2396 significat

61 2414 149 2462 autem
171 2422 229 2460 rem
249 2405 367 2478 ineptam
391 2405 494 2462 facilius
516 2406 607 2463 doceri
630 2425 709 2481 quam
732 2408 919 2464 necessariam.
988 2405 1141 2462 sambucam

61 2505 148 2565 genus
169 2489 236 2563 ligni
257 2489 359 2563 fragilis
380 2493 453 2547 unde
476 2492 551 2564 quasi
574 2491 651 2548 tibiae
674 2502 885 2566 componuntur.
980 2493 1019 2548 96
1042 2490 1143 2546 resistit

61 2575 145 2639 ratio,
179 2575 206 2630 id
241 2585 281 2631 est
309 2577 452 2651 sapientia,
484 2593 518 2633 ne
546 2575 624 2632 alicui
645 2576 723 2633 liceat
745 2576 808 2632 illud
831 2575 919 2633 iacere
941 2575 1014 2649 quod
1036 2575 1140 2646 agendo

60 2661 138 2735 peius
160 2659 286 2716 vitiosum
315 2661 420 2718 efficiat.
512 2664 569 2720 100
593 2678 648 2716 nou
671 2662 703 2718 ad
726 2662 869 2726 trutinam,
892 2660 940 2717 sed
961 2662 994 2716 ad
1016 2668 1142 2717 stateram

61 2744 176 2810 rettulit,
200 2762 269 2819 quae
290 2747 399 2820 punctis
421 2758 448 2804 et
468 2746 555 2803 unciis
578 2747 709 2820 signatur.
835 2748 893 2806 103
917 2746 1045 2803 exclamet
1068 2745 1142 2802 lleli·

62 2839 134 2887 eerta
156 2830 261 2887 nullum
284 2849 342 2888 esse
363 2833 504 2906 pudorem,
528 2832 657 2905 templum
680 2833 749 2889 euim
771 2833 882 2907 pudoris
905 2842 947 2890 est
968 2831 1055 2889 lrons.

147 2915 295 2973 Melicertes
311 2917 376 2973 deus
398 2919 525 2983 marinus,
549 2915 612 2974 lnus
635 2917 704 2975 filius
726 2918 754 2974 in
776 2920 887 2976 deorum
903 2935 1045 2975 numerum
1067 2917 1142 2974 rela-

62 3009 115 3064 tus,
137 3001 185 3074 qui
207 3017 301 3072 graece
316 2996 503 3076 Παλαίμων,
522 3002 603 3060 latine
616 3003 754 3060 Portunus
771 3004 877 3061 dicitur.
1005 3005 1063 3061 104
1079 3003 1142 3059 licet

62 3085 168 3160 possint
199 3087 355 3158 simpliciter
388 3092 419 3143 ad
450 3091 600 3145 Cornutum
633 3089 701 3145 dicta
730 3088 864 3162 intellegi,
891 3087 1029 3144 manifeste
1054 3096 1140 3142 tamen

62 3171 194 3228 eironicos
223 3171 257 3227 ad
285 3172 359 3228 illum
392 3173 456 3231 dicit
484 3191 564 3247 quem
587 3174 706 3247 castigat.
840 3177 897 3232 105
920 3174 956 3229 ita
979 3171 1090 3228 callidus
1113 3187 1141 3227 es

61 3255 261 3313 similitudinem
289 3259 408 3314 veritatis
435 3275 599 3332 agnoscere,
630 3268 660 3316 ut
687 3276 731 3315 aes
760 3276 827 3316 auro
859 3256 1017 3314 obvolutum
1038 3272 1141 3329 percu-

61 3341 152 3398 tiendo
181 3339 340 3415 intellegas?
370 3345 441 3401 siout
468 3344 639 3400 nummularii
666 3344 769 3401 iaciunt
797 3345 842 3418 qni
873 3343 994 3398 nondum
1015 3341 1140 3398 instructi

61 3426 185 3484 denarios
206 3444 272 3483 auro
295 3427 409 3486 iniectos
432 3447 482 3504 pro
505 3445 571 3485 auro
594 3428 744 3502 accipiunt,
775 3429 835 3503 quia
859 3444 936 3483 usum
960 3426 1140 3483 dinoscenda-

61 3528 120 3568 rum
144 3529 235 3569 earum
258 3530 348 3569 rerum
371 3532 426 3570 nou
448 3515 557 3571 babent.
692 3518 749 3572 107
773 3524 805 3571 ιιι
827 3513 951 3569 Horatius
974 3510 1040 3586 [sut.
1057 3514 1085 3577 2,
1111 3516 1139 3576 3,

149 3644 182 3695 92
201 3643 273 3693 auias
292 3644 415 3695 emaculas
434 3647 499 3695 Pse
518 3644 590 3695 abias
609 3651 632 3694 α
651 3643 752 3694 scabies
769 3647 788 3708 ς
873 3645 905 3695 93
925 3644 974 3695 erit
993 3651 1016 3694 α
1104 3651 1141 3694 te·

62 3725 113 3762 uua
131 3713 155 3762 P
238 3715 271 3764 97
289 3711 315 3762 id
334 3728 383 3763 om.
403 3720 427 3763 dt
497 3713 600 3763 uitiabit
617 3712 753 3776 florilegio
771 3714 898 3762 Parisino
916 3718 994 3776 (mua.
1012 3714 1087 3764 aben.
1105 3712 1139 3763 43

59 3793 86 3844 p.
100 3779 173 3844 49dl:
193 3779 296 3831 uitiauit
309 3782 366 3830 αΡ
433 3783 480 3834 100
498 3779 590 3831 0111ιιίε
608 3782 632 3830 Ρ
699 3782 747 3831 tot
765 3787 903 3846 peronatus
921 3781 1003 3833 acdol.
1016 3783 1081 3832 Hor.
1099 3795 1141 3844 ep.

61 3847 92 3898 II
108 3848 131 3912 1,
153 3848 215 3899 114:
235 3850 398 3914 perocinatus
418 3857 441 3900 α
460 3855 612 3914 perornatus
631 3849 655 3898 P
722 3851 770 3900 103
789 3848 915 3901 exclamat
932 3852 956 3901 P
1024 3851 1073 3901 104
1086 3847 1140 3899 rcbi

62 3921 86 3966 α
161 3919 209 3968 105
228 3915 296 3968 ueris
313 3919 345 3968 P:
365 3918 419 3969 ueri
438 3924 461 3967 α
481 3933 541 3967 eum
559 3918 636 3966 libris
653 3918 790 3968 Prisciani
803 3932 832 3982 p.
851 3917 902 3969 433
971 3917 1139 3984 specimendt

149 3985 196 4036 106
216 3990 303 4035 orout
