2528 4364
536 228 722 282 PRAEFATIO
1134 229 1168 282 Xl

93 421 208 464 carmen
222 401 315 476 LXX,
332 411 412 464 recte
428 402 581 482 Peyronus
602 402 651 477 (de
666 403 736 464 bibl.
753 403 827 464 Bob.
843 411 910 464 ante
927 402 986 464 Cic.
1003 421 1046 462 or.
1063 403 1167 482 fragm.

91 522 121 584 p.
137 504 202 582 XX)
223 504 383 585 Sulpiciam
398 504 551 566 intellexit.
586 504 693 566 addere
707 514 824 586 poterat
839 523 996 567 numerum
1013 504 1090 565 LXX
1106 525 1167 567 non

93 607 303 686 epigrammata
318 607 369 669 sed
382 607 530 687 Sulpiciae
544 625 646 668 versus
661 608 838 686 significare.
861 607 930 668 inde
945 608 1075 687 primum
1091 607 1168 668 edita

92 717 137 769 est
159 709 190 768 in
214 709 288 770 libro
317 727 332 770 a
356 709 558 771 Wernsdorlio
588 711 679 787 (poet.
702 709 751 770 lat.
774 710 847 770 min.
868 709 891 768 V
915 728 944 788 p.
969 711 1169 787 1457)11111-

92 821 254 872 memorato
281 811 379 874 Publii
405 810 538 890 drapani
564 810 678 891 Tiferni
700 813 836 892 11111111
861 813 1009 893 quoedmn.
1056 810 1171 872 loviani

93 913 221 975 Pontani
247 917 334 976 nenio
363 923 389 975 et
417 918 635 994 epr'prantmota.
686 912 835 975 Francisci
864 912 978 973 Octavii
1012 912 1169 991 cupiarum

92 1016 205 1078 libellus
227 1029 253 1077 et
269 1016 412 1097 epistolae.
453 1015 600 1096 Sulpiciae
621 1019 752 1078 carmina
775 1014 863 1077 LXX.
898 1013 1019 1077 Venetiis
1030 1033 1084 1095 per
1097 1016 1168 1076 Rer-

89 1120 249 1180 nardinum
276 1117 412 1181 Venatum
434 1139 462 1180 a.
488 1120 581 1182 1498.
611 1118 748 1196 equidem
772 1119 860 1180 huius
889 1118 956 1178 libri
979 1117 1169 1194 Argentorati

91 1238 117 1279 a.
137 1224 218 1286 1509
235 1221 357 1300 repetita
374 1230 404 1282 et
418 1220 547 1282 Cornelii
564 1220 638 1281 Galli
654 1228 742 1299 atque
758 1220 916 1300 Pomponii
932 1219 1050 1280 Gaurioi
1066 1219 1167 1299 elegiis

89 1332 174 1384 aucta
198 1322 327 1384 editione
354 1341 424 1385 usus
452 1342 533 1397 sum,
563 1324 593 1383 in
626 1342 682 1402 qna
706 1323 853 1402 Sulpiciae
880 1322 1095 1402 praescriptum
1125 1330 1170 1383 est

93 1425 236 1504 Sulpiciae
266 1429 413 1496 carmina,
441 1443 512 1505 quae
540 1425 601 1502 [uit
630 1425 792 1488 Domitiani
819 1425 1001 1505 temporibus,
1029 1443 1124 1504 nuper
1151 1445 1170 1486 a

93 1526 215 1604 Georgia
232 1525 345 1587 Merula
364 1526 561 1588 Aleuandrino
585 1545 651 1587 cuna
673 1527 740 1588 aliis
768 1527 911 1607 opusculis
932 1536 1045 1607 reperta
1103 1525 1167 1601 (M).

92 1648 112 1712 e
131 1628 232 1689 codice
254 1629 318 1707 ipso
341 1637 391 1688 aut
413 1647 448 1688 11
472 1630 641 1708 apographo
665 1630 728 1689 eius
751 1647 818 1689 cum
833 1630 956 1690 Ausonii
985 1628 1168 1689 carminibus

91 1730 181 1792 edidit
210 1730 363 1791 'l'hadaeus
392 1729 533 1808 Vgoletns
569 1731 691 1791 Parmae
717 1733 808 1794 1499.
833 1731 967 1792 Venetiis
1000 1733 1079 1794 1501
1110 1730 1167 1807 (V).

91 1831 214 1893 Ausonii
229 1831 394 1911 catalogum
411 1832 555 1893 nobilium
571 1831 689 1892 urbium
707 1832 815 1911 excipit
837 1832 939 1893 titulus
980 1831 1107 1911 Sulpicia
1122 1836 1172 1891 in·

90 1924 167 2013 cipit.
191 1937 323 2013 quaritur
344 1935 376 1996 de
398 1944 475 1996 statu
497 1938 589 2016 rcipu.
616 1944 642 1995 et
662 1934 838 2014 temporibus
852 1935 1024 1997 Domitiani.
1062 1934 1170 1997 indue

91 2035 292 2115 subscriptum
316 2045 360 2099 est
380 2037 491 2117 [iniunt
518 2037 651 2118 sulpitiae
674 2038 756 2099 dicta.
802 2037 1023 2117 Epipramrnato
1047 2036 1172 2097 Ausonii

91 2158 162 2220 quae
184 2139 323 2216 [crurum
344 2158 489 2201 emanasse
518 2158 532 2200 e
555 2139 717 2200 bibliotheca
746 2139 863 2218 Georpii
887 2139 1081 2201 Alexandrini
1110 2142 1170 2199 viri

91 2243 124 2302 de
146 2241 246 2319 linqua
269 2242 361 2319 latino
384 2242 570 2303 benemeriti
593 2241 695 2319 (XXIV
719 2245 865 2319 numero).
899 2241 969 2301 inde
991 2241 1021 2301 in
1045 2239 1168 2319 quibus-

92 2341 156 2403 dam
179 2344 302 2403 Ausonii
325 2343 506 2405 editionibus
529 2344 627 2405 locum
651 2345 756 2417 tenuit,
789 2345 867 2404 inter
890 2362 962 2422 quas
984 2343 1118 2404 Aldinam
1142 2361 1167 2402 a.

94 2448 185 2518 1517,
208 2446 441 2506 Tornaesianam
464 2465 490 2506 1.
510 2447 601 2520 1558,
625 2446 682 2506 111.
700 2446 841 2524 Scaligeri
858 2464 883 2505 a.
902 2444 1168 2517 1575817111ἲί

92 2564 118 2606 a.
143 2547 224 2609 1589
250 2548 331 2609 1604
354 2547 489 2607 nomino.
532 2556 595 2607 tum
618 2547 696 2606 inter
719 2548 849 2607 carmina
871 2547 1012 2607 Petronio
1034 2546 1130 2607 addita
1152 2565 1169 2606 a

92 2648 163 2706 lano
193 2647 288 2708 [lousa
318 2648 502 2727 potissimum
531 2648 742 2709 schediasmate
771 2667 796 2709 a.
829 2650 911 2713 1585
941 2649 1019 2710 edito
1046 2656 1169 2709 tractata

92 2757 146 2810 111.
189 2767 281 2828 porro
304 2750 334 2810 in
358 2749 555 2829 vergilianam
578 2750 773 2830 appendicem
797 2750 855 2814 los.
872 2751 1002 2831 Scaliger
1025 2769 1050 2811 a.
1076 2752 1168 2823 1572,

92 2851 171 2911 inter
193 2852 402 2931 epigrammata
423 2845 521 2914 vetera
544 2853 606 2913 Pet.
623 2853 765 2915 Pithoeus
786 2872 812 2913 a.
832 2856 913 2918 1590
930 2854 1052 2934 recepit,
1074 2854 1169 2932 poetis

91 2953 189 3015 latinis
205 2953 371 3016 minoribus
385 2955 576 3016 Burmannus
591 2975 617 3016 a.
636 2959 727 3030 1731,
744 2956 964 3017 Wernsdorfios
980 2975 1005 3016 a.
1024 2957 1106 3019 1782
1122 2956 1168 3015 in-

91 3066 262 3131 seruerunt,
285 3059 382 3136 poetis
397 3058 530 3137 satyricis
552 3058 719 3119 minoribus
731 3059 769 3118 M.
787 3058 816 3117 Z.
829 3057 1018 3119 Boxlrornius
1033 3075 1057 3117 a.
1076 3059 1167 3120 1633.

91 3158 220 3219 luvenali
235 3168 264 3220 et
279 3160 381 3221 Persio
400 3161 514 3240 primus
529 3160 635 3221 adiecit
649 3160 683 3220 P.
700 3160 841 3222 Pithoeus
856 3179 881 3220 a.
901 3163 992 3224 1585.
1016 3178 1082 3219 cnm
1100 3157 1167 3218 Chr.

91 3260 181 3322 Gottl.
212 3261 369 3322 Schwarzii
400 3263 612 3324 commentario
643 3262 734 3324 edidit
761 3281 786 3323 a.
812 3265 893 3328 1819
923 3263 981 3322 loa.
1011 3261 1167 3322 Gurlittus.

92 3363 188 3424 omnis
202 3363 338 3425 lectionis
361 3366 433 3426 fides
448 3365 479 3425 in
503 3365 634 3426 carmine
657 3365 742 3425 laede
758 3373 899 3443 corrupto
922 3375 952 3425 et
966 3363 1061 3424 media
1084 3372 1166 3443 parte

91 3471 234 3542 quantum
257 3465 341 3526 video
364 3466 552 3527 1111111111-
568 3485 666 3546 neque
688 3467 768 3527 enim
790 3466 955 3527 sententiae
971 3474 1038 3544 apte
1060 3465 1168 3526 cohae-

91 3575 158 3627 rent
182 3585 279 3645 neque
300 3567 453 3641 fabellam,
483 3586 571 3648 quam
594 3587 626 3630 se
649 3578 834 3628 narraturam
856 3585 920 3628 esse
943 3568 1072 3647 Sulpicia
1094 3585 1167 3646 pro·

90 3668 178 3743 misit,
201 3668 321 3730 invenio
336 3705 378 3715 -
393 3689 487 3750 penes
509 3671 544 3731 M
548 3670 572 3730 V
583 3678 635 3744 est,
660 3688 783 3748 quarum
800 3670 941 3732 lectiones
965 3690 1025 3731 non
1042 3671 1167 3730 multum

89 3770 171 3832 inter
192 3790 225 3833 sc
247 3771 450 3853 discrepantes
472 3791 575 3835 omnes
598 3772 749 3851 adscripsi.

179 3873 271 3935 Tanau
293 3876 345 3953 qui
361 3875 430 3936 olim
454 3893 522 3936 com
539 3874 669 3954 Sulpicia
684 3873 847 3935 edebantur
868 3893 970 3936 versus
986 3894 1001 3936 a
1017 3874 1077 3934 loa.
1094 3874 1167 3934 Lud.

89 3972 200 4039 (luceio
222 3974 355 4038 Balaacio
373 3977 559 4057 conscriptos
581 3995 645 4039 esse
668 3985 791 4039 constat.
829 3995 896 4038 nam
918 3996 989 4038 cum
1010 3978 1178 4038 30111111
