2528 4364
91 171 111 229 6
580 168 685 223 euasit

94 343 250 404 adsensere
273 342 342 403 riri:
366 358 447 403 nunc
470 361 530 402 non
554 341 628 404 cinis
649 343 697 403 ille
719 351 824 421 poetae

92 426 185 490 lelix‘l
207 446 268 489 non
290 427 381 488 levior
403 428 508 508 cippus
530 446 612 488 nunc
634 427 768 507 inprimit
789 424 876 488 ossa?

94 512 215 574 laudant
236 513 390 574 convivae:
415 520 496 574 nunc
518 531 579 573 non
603 531 619 573 e
641 511 778 574 manibus
799 512 865 586 iltis,

94 616 175 660 nunc
199 617 260 659 non
283 617 299 659 e
321 598 435 659 tumulo
457 599 665 675 fortunataque
686 597 781 658 favilla

95 693 255 745 nascentur
275 681 390 745 violae?
409 673 513 744 ‘rides'
539 683 579 744 ait
593 680 640 743 ‘et
661 682 749 744 nimis
771 682 856 742 uncis

94 767 216 830 naribus
237 769 382 848 indulges.
419 786 457 829 an
480 769 536 829 erit
558 768 608 846 qui
631 768 703 828 velle
725 777 843 828 recuset

95 873 129 915 os
149 855 253 934 populi
274 854 418 915 meruisse
441 861 470 914 et
492 853 581 914 cedro
603 853 691 932 digna
714 853 830 913 locutus

92 939 228 1018 linquere
250 958 307 1000 nec
327 936 483 1000 scombros
505 938 665 1000 metuentia
687 939 818 998 carmina
843 955 898 997 nec
924 925 1008 997 tus‘l’

135 1025 269 1103 quisquis
292 1043 333 1101 es,
357 1043 374 1084 o
397 1024 485 1085 modo
508 1041 595 1103 quem
620 1042 654 1083 ex
676 1023 797 1084 adverso
820 1022 918 1083 dicere
940 1021 1006 1095 leci,

93 1128 154 1170 non
179 1128 234 1188 ego
257 1127 324 1170 cum
346 1108 454 1183 scribo,
478 1109 502 1170 si
524 1111 601 1169 sorte
623 1108 693 1187 quid
715 1108 811 1186 aptius
834 1107 902 1181 exit,

93 1196 212 1273 quando
234 1194 291 1255 hoc
314 1212 380 1254 rara
402 1195 461 1256 avis
484 1202 537 1268 est
559 1193 584 1254 si
607 1194 675 1272 quid
698 1202 796 1253 tamen
819 1192 915 1272 aptius
937 1191 1006 1263 exit,

93 1278 207 1340 laudari
229 1289 367 1354 metuam,
390 1299 487 1359 neque
510 1278 588 1339 enim
610 1278 682 1339 mihi
706 1296 815 1339 cornea
836 1276 909 1338 fihm
932 1287 985 1338 est.

91 1365 145 1425 sed
165 1364 240 1425 recti
261 1365 411 1443 finemque
433 1374 656 1466 extremumque
679 1383 742 1425 esse
765 1382 871 1425 recuso

89 1441 190 1528 ‘euge'
211 1459 296 1510 tuum
318 1459 348 1510 et
363 1441 476 1512 ‘belle'.
515 1467 583 1510 nam
616 1446 704 1510 helle'
725 1449 782 1509 hoc
805 1456 910 1509 excute
932 1454 1042 1507 totum:

93 1534 165 1612 quid
188 1554 249 1596 non
273 1534 353 1596 intus
375 1531 485 1596 habet?
508 1554 569 1596 non
593 1533 641 1594 hic
664 1544 708 1595 est
729 1533 795 1595 llias
817 1533 878 1594 atti
1147 1542 1177 1594 to

93 1619 172 1681 ebria
196 1618 333 1682 veratro?
355 1640 417 1683 nou
440 1622 523 1701 siqua
546 1619 668 1700 elegidia
691 1619 775 1680 crudi

92 1826 152 1883 tatis
174 1826 327 1884 accentibus
350 1835 446 1884 curtat.
535 1829 574 1886 36
598 1825 663 1881 cinis
685 1824 747 1880 lelix
769 1835 818 1889 cst,
842 1823 968 1898 quotiens
996 1823 1028 1880 de
1054 1826 1175 1882 mortuis

91 1911 161 1968 bene
187 1911 335 1985 loquimur.
377 1921 481 1968 veteres
510 1911 634 1967 dixerunt
660 1909 828 1983 praegravari
855 1924 971 1983 corpora
999 1924 1094 1965 eorum
1128 1913 1175 1984 qui

91 1997 200 2069 corpori
222 2005 326 2052 tantum
348 1996 485 2052 studentes
507 1995 571 2050 nihil
589 1995 760 2053 memorabile
782 1993 961 2069 reliquerunt.
1037 1993 1075 2052 37
1101 2012 1175 2068 pro-

92 2080 151 2154 prie
172 2080 267 2155 cippus
289 2091 331 2137 est
351 2080 418 2154 lapis
439 2078 585 2154 sepulchri.
687 2081 725 2139 39
750 2079 868 2136 tumulus
891 2079 988 2136 dicitur
1009 2086 1099 2136 terrae
1123 2097 1176 2156 ag·

91 2165 187 2238 gestie
209 2165 257 2223 ubi
279 2165 352 2222 nulla
373 2166 498 2222 memoria
521 2173 571 2222 est.
657 2167 697 2223 42
720 2182 778 2221 mos
806 2165 878 2239 apud
906 2174 1010 2222 veteres
1039 2173 1114 2231 erat,
1144 2177 1175 2224 ut

91 2251 198 2307 chartae
219 2251 247 2307 in
270 2250 367 2326 quibus
389 2250 488 2307 nohiha
510 2250 624 2306 carmina
645 2249 846 2314 scribebantur,
871 2249 930 2306 oleo
953 2250 1063 2306 cedrino
1085 2249 1176 2308 inuu·

92 2345 231 2411 gerentur,
255 2338 330 2412 quod
351 2347 379 2394 et
400 2337 443 2393 diu
468 2335 601 2392 durabiles
622 2335 722 2392 laceret
743 2343 770 2391 et
791 2351 806 2390 a
828 2335 905 2391 tineis
921 2343 1103 2392 conservaret.
1128 2336 1175 2394 alii

92 2422 186 2479 dicunt
208 2422 317 2480 cedrum
339 2439 425 2496 genus
448 2421 512 2495 ligni
534 2438 591 2479 esse
613 2421 687 2494 quod
708 2421 817 2492 dignum
832 2419 993 2477 bibliotheca
1006 2419 1172 2481 habebatur.

179 2509 218 2566 43
242 2525 311 2582 quae
332 2508 447 2565 carmina
470 2506 575 2564 nullum
603 2505 753 2581 periculum
782 2504 897 2562 habeant
924 2506 995 2578 apud
1018 2504 1174 2564 salsamen-

92 2593 175 2649 tarios
196 2603 224 2650 et
244 2594 369 2651 turarios.
456 2592 572 2649 scombri
594 2593 720 2649 dicuntur
741 2591 828 2665 pisces
858 2591 891 2647 de
920 2591 1017 2664 quihus
1039 2589 1071 2646 lit
1093 2594 1173 2666 opti·

91 2691 165 2732 mum
193 2694 297 2750 garum.
405 2681 444 2737 45
475 2677 563 2734 scribo
591 2675 818 2750 praesentiscat,
851 2675 903 2732 exit
930 2675 1067 2740 similiter,
1096 2679 1174 2736 unde

91 2761 269 2833 posteriorem
297 2762 423 2837 syllabam
451 2779 506 2819 non
543 2760 637 2818 dubito
667 2761 786 2818 Persium
822 2761 1004 2817 doctissimum
1031 2761 1174 2821 homiuem

92 2846 187 2903 dixisse
209 2856 348 2921 correpte,
378 2848 497 2921 quamvis
525 2846 632 2920 quidam
654 2846 804 2919 producant
825 2862 882 2903 eam
904 2853 932 2903 et
951 2845 1063 2902 verbum
1085 2864 1174 2920 prae·

91 2931 165 2987 teriti
186 2932 313 3006 temporis
334 2931 441 2990 faciant.
544 2933 583 2989 46
608 2930 744 2986 translatio
768 2940 808 2986 ast
829 2948 843 2986 a
865 2931 1004 3005 phoenice.
1098 2949 1174 3006 pro-

90 3016 242 3074 verbialiter
269 3034 354 3074 raram
383 3034 471 3080 avem,
502 3033 558 3074 eam
587 3032 668 3090 quam
690 3024 754 3089 post
774 3016 886 3090 longum
907 3027 1013 3090 tempus
1034 3015 1174 3078 ridemus.

177 3104 217 3161 48
240 3103 292 3159 hoc
313 3103 390 3159 dicit:
413 3102 517 3158 laudem
540 3101 647 3175 quidem
669 3117 743 3165 amo,
767 3118 822 3158 non
845 3101 950 3168 ialsam,
974 3102 1020 3157 sed
1043 3118 1113 3174 quae
1138 3107 1174 3162 ad

91 3187 172 3245 finem
194 3196 342 3245 extremum
364 3188 440 3259 recti,
463 3188 496 3244 ad
518 3186 655 3242 veritatem
677 3186 807 3243 intendat.
884 3189 923 3246 49
947 3203 1016 3258 euge
1038 3196 1065 3243 et
1087 3187 1173 3248 belle.

91 3274 143 3330 hoo
165 3274 236 3331 enim
263 3274 314 3330 dici
342 3273 411 3330 solet
433 3274 513 3329 Accio
535 3271 662 3328 Labeoni.
752 3282 855 3329 excute.
877 3272 1014 3328 translatio
1045 3288 1058 3326 a
1083 3276 1173 3332 vesti-

90 3367 180 3415 mento
210 3360 290 3434 pleno
322 3359 443 3416 sentibus
473 3357 515 3415 vel
543 3356 758 3430 quibuscumque
786 3357 964 3431 corpusculis,
998 3356 1071 3430 quod
1104 3375 1174 3418 cum

91 3459 233 3500 excussum
255 3444 344 3512 inerit,
369 3443 494 3518 quicquid
518 3441 597 3499 habet
618 3440 812 3508 absconditum,
835 3443 942 3516 proicit.
1040 3445 1077 3500 51
1106 3444 1173 3504 elle·

91 3526 189 3584 horum
212 3545 315 3602 graece,
345 3530 427 3585 latine
454 3538 605 3590 veratrum,
636 3528 707 3600 quod
737 3529 816 3585 datur
844 3526 1049 3592 insanientibus,
1078 3536 1112 3585 ut
1134 3533 1172 3589 ad

178 3728 211 3778 36
229 3724 267 3777 llli
286 3733 310 3778 α
391 3728 423 3778 39
442 3732 468 3778 et
486 3734 510 3777 α
591 3731 624 3780 40
642 3733 682 3779 ast
701 3735 725 3780 α
802 3729 836 3779 42
853 3725 905 3778 llos
925 3732 949 3777 α
1028 3727 1062 3777 44
1079 3725 1171 3782 dicere

91 3795 131 3846 los
149 3798 189 3846 est
207 3801 230 3844 α
300 3796 332 3846 45
352 3795 485 3848 conscribo
505 3803 528 3846 ot
606 3797 675 3848 exsit
694 3803 718 3847 α
796 3798 829 3847 46
848 3798 880 3847 47
898 3798 1007 3845 inverso
1026 3794 1123 3846 ordine
1142 3806 1170 3849 α

90 3863 214 3984 hhajlhece
225 3869 255 3982 ςΡ
267 3934 298 3982 in
313 3864 379 3984 pppit
397 3871 421 3914 α
512 3868 544 3917 47
564 3865 625 3916 mihi
645 3881 694 3916 om.
714 3871 738 3915 α
816 3866 844 3915 51
867 3863 940 3930 sique
957 3861 1052 3929 legidia
1070 3868 1095 3912 α
1113 3879 1170 3916 mc-
