2528 4364
120 182 161 240 42
607 181 712 236 PERSll

121 357 260 418 Publius:
283 355 416 427 emeruit,
439 354 606 416 scabiosum
628 355 771 417 tesserula
794 356 840 416 lar

121 442 260 522 possidet.
306 441 363 501 heu
387 440 501 501 steriles
523 441 593 513 veri,
617 441 725 519 quibus
749 459 807 502 una
831 441 978 513 Quiritem
1169 457 1198 509 75

121 528 234 606 vertigo
257 526 335 587 facit.
380 524 428 585 bic
450 525 540 585 bama
563 537 692 587 estnon
715 527 801 587 tresis
823 545 910 606 agaso

121 631 216 693 vappa
239 611 338 692 lippus
360 619 390 670 et
411 610 441 670 in
466 610 549 670 tenui
572 611 721 690 farragine
744 613 884 673 mendax:

120 697 243 759 verterit
263 697 344 757 bunc
367 695 514 771 dominus,
537 707 688 757 momento
711 696 840 759 turbinis
863 699 922 759 exit

124 784 240 844 Marcus
261 783 360 843 Dama.
399 799 503 859 papae.
541 780 639 842 Marco
662 780 829 861 spondente
851 802 970 846 recusas

122 868 244 929 credere
267 878 301 927 tu
325 863 485 928 nummos?
508 866 608 927 llarco
631 867 685 928 sub
708 866 805 929 iudice
827 867 942 947 palles?

121 954 238 1015 Marcus
260 952 342 1023 dixit,
364 952 403 1012 ita
426 960 479 1012 est.
517 951 648 1031 adsigna,
671 952 779 1026 Marce,
802 953 934 1015 tabellas.

122 1041 195 1099 baec
216 1056 298 1099 mera
320 1037 452 1109 libertas
475 1036 531 1097 hoc
555 1036 642 1098 nobis
663 1038 750 1116 pillea
774 1037 896 1100 donant.

119 1118 170 1185 ‘au
195 1124 352 1202 quisquam
375 1131 420 1182 est
442 1121 515 1182 alius
536 1121 622 1195 liber,
646 1123 702 1183 nisi
724 1121 837 1184 ducere
855 1125 945 1187 vitam

123 1210 172 1271 cui
193 1210 263 1270 licet
285 1218 318 1268 ut
339 1203 447 1267 tibuit?
471 1206 538 1267 licet
561 1216 594 1267 ut
615 1208 681 1268 volo
704 1207 816 1269 vivere:
841 1229 902 1271 uon
926 1229 992 1272 sum

123 1295 245 1357 liberior
266 1283 395 1354 Brutot'
418 1285 574 1353 ‘mendose
597 1283 723 1372 colligis'
749 1293 848 1372 inquit

125 1380 235 1442 stoicus
257 1379 305 1438 hic
327 1396 427 1438 aurem
451 1377 582 1438 mordaci
603 1378 682 1440 lotus
705 1389 790 1440 aceto

120 1458 191 1525 ‘boc
214 1464 339 1543 reliqum
363 1462 486 1542 accipio,
507 1453 623 1523 “licet''
649 1464 721 1525 illud
743 1472 773 1524 et
792 1456 851 1524 “ut
871 1455 962 1525 volo’'
988 1459 1076 1528 tolle.²

120 1542 261 1611 ‘vindicta
284 1560 439 1628 postquam
463 1565 547 1609 meus
569 1567 585 1609 a
607 1558 744 1629 praetore
771 1551 891 1623 recessi,

124 1654 177 1696 cur
199 1635 270 1695 mibi
294 1653 354 1694 non
377 1635 472 1708 liceat,
499 1633 583 1695 iussit
604 1634 813 1713 quodcumque
836 1637 980 1708 voluntas,

125 1728 247 1800 excepto
271 1720 366 1799 siquid
391 1720 500 1781 Masuri
522 1719 640 1781 rubrica
662 1711 801 1781 vetavit‘l'
1169 1728 1197 1779 90

122 1911 178 1952 non
200 1902 288 1950 autem
307 1892 351 1949 illa
374 1909 454 1967 quam
477 1891 587 1947 Publius
613 1892 734 1954 emeruit,
764 1891 809 1966 qui
832 1909 880 1965 per
902 1901 1028 1948 tesseram
1049 1889 1199 1948 scabiosum

123 1979 163 2055 lar
185 1978 313 2054 possidet,
335 1978 363 2033 id
385 1985 426 2032 est
447 1983 605 2049 corruptum
627 1988 654 2033 et
674 1985 754 2051 putre
776 1975 950 2033 frumentum.
1037 1978 1077 2034 76
1097 1975 1198 2049 vertigo

121 2063 193 2121 lacit.
223 2063 284 2136 quia
313 2061 438 2136 quotiens
466 2060 705 2127 manumittebant‚
735 2079 781 2118 eos
809 2062 884 2136 alapa
912 2078 1054 2135 percussos
1083 2063 1200 2118 circum-

122 2147 238 2221 agebant
265 2155 292 2202 et
319 2145 418 2201 liberos
446 2145 649 2205 confirmabant.
678 2149 749 2204 unde
776 2147 947 2204 manumissio
971 2147 1049 2203 dicta.
1072 2163 1104 2203 eo
1128 2146 1201 2220 quod

121 2249 202 2289 manu
225 2231 399 2288 emitteretur.
497 2229 627 2298 Quiritem
649 2240 738 2289 autem
760 2233 930 2308 singulariter
951 2231 1059 2289 abusive
1081 2231 1146 2288 dixit
1167 2231 1200 2286 li-

122 2318 208 2374 centia
240 2317 355 2390 poetica.
389 2332 450 2372 nam
482 2317 552 2372 sicut
581 2326 658 2391 pater
691 2320 860 2393 conscriptus
886 2335 940 2375 uon
965 2317 1070 2383 dicitur,
1094 2317 1129 2373 ita
1152 2333 1201 2373 uec

122 2404 251 2473 Quiritem
275 2404 362 2460 dicere
383 2418 537 2477 possumus.
604 2405 644 2461 76
667 2420 746 2478 agaso
763 2421 857 2461 servus
875 2405 1055 2459 iumentorum
1069 2401 1200 2460 minister.

209 2491 248 2548 82
271 2488 351 2563 pillea
374 2489 484 2545 donant.
529 2489 562 2545 de
584 2490 667 2546 servis
690 2490 734 2564 qui
757 2489 887 2546 beneficio
911 2489 1082 2545 dominorum
1103 2504 1200 2544 manu-

123 2575 306 2640 mittebantur,
330 2584 361 2632 ut
382 2573 506 2648 superius
529 2574 593 2632 dixit
608 2573 647 2650 [3.
668 2575 738 2650 105]
755 2569 798 2632 ‘at
818 2574 894 2631 illum
916 2573 1033 2630 hesterni
1055 2573 1142 2647 capite
1157 2572 1201 2628 in-

122 2660 187 2715 duto
210 2661 316 2716 subiere
339 2654 474 2728 Quirites'.
574 2662 612 2720 83
635 2660 785 2735 propositio
809 2659 866 2715 talis
888 2668 929 2715 est
950 2658 1110 2733 syllogismi:
1135 2657 1201 2715 alius

122 2742 189 2799 liber
218 2760 273 2799 non
301 2754 356 2808 est,
385 2744 436 2800 nisi
464 2746 486 2801 si
514 2745 558 2802 cui
585 2745 648 2802 licet
670 2746 749 2802 vitam
770 2745 918 2801 secundum
940 2743 1201 2801 suamvoluntatem

121 2827 282 2901 producere.
311 2830 457 2902 assumptio
487 2839 529 2886 est
555 2829 635 2885 haec:
665 2831 728 2885 mihi
755 2838 844 2885 autem
872 2829 935 2886 licet
962 2831 1049 2886 vivere
1074 2838 1107 2886 ut
1128 2828 1199 2885 volo.

123 2912 219 2970 deinde
233 2911 348 2969 insertur
364 2912 516 2970 conclusio:
540 2931 600 2969 sum
616 2930 680 2987 ergo
695 2915 778 2971 Bruto
797 2913 915 2970 liberior.
939 2914 1098 2971 contradicit
1111 2924 1201 2971 autem

120 2997 288 3074 pbilosophis
310 2998 542 3071 propositionibus
564 2997 626 3055 huic
647 2998 756 3055 Persius
777 2999 868 3055 dicens
889 2998 982 3056 salsam
997 3017 1055 3057 esse
1070 3001 1127 3056 eius
1142 2998 1201 3056 col-

122 3084 273 3148 lectionem,
303 3084 377 3157 quod
399 3084 485 3140 omnis
508 3083 631 3157 quidem,
662 3085 707 3157 qui
729 3083 792 3140 vivit
812 3083 881 3141 sicut
902 3084 973 3149 vult,
996 3083 1063 3142 liber
1084 3084 1128 3148 sit,
1158 3084 1200 3140 hic

123 3180 212 3227 autem
234 3169 383 3226 secundum
405 3169 478 3242 quod
501 3170 528 3224 in
551 3171 735 3243 assumptione
756 3171 878 3243 superius
901 3170 973 3234 dixit,
997 3187 1052 3227 non
1067 3169 1202 3227 voluntati

122 3273 184 3312 suae
199 3255 316 3312 serviens
330 3254 411 3326 vivat,
434 3271 495 3311 oum
509 3253 578 3310 vitiis
589 3253 639 3309 sibi
654 3254 850 3312 dominantibus
865 3254 995 3312 trahatur.
1083 3256 1123 3314 88
1138 3256 1200 3312 viu-

122 3340 191 3396 dicta
218 3340 291 3416 virga
320 3349 360 3398 est
389 3357 442 3414 qua
471 3339 674 3396 manumittendi
695 3357 708 3396 a
731 3350 855 3413 praetore
883 3341 910 3396 in
940 3341 1024 3412 capite
1046 3340 1200 3415 pulsantur,

122 3424 182 3480 ideo
206 3426 276 3483 dicta
298 3426 373 3501 quod
395 3443 457 3483 eum
475 3424 591 3481 vindicat
612 3424 737 3482 libertati.
803 3427 841 3483 90
865 3425 908 3481 lrio
930 3425 1063 3482 ldasurius
1085 3425 1200 3483 Sabinus

207 3608 240 3658 'lb
258 3606 305 3658 uiri
324 3610 348 3659 P
423 3610 455 3660 76
474 3605 549 3657 dama
569 3611 609 3657 est
627 3607 660 3657 P:
680 3605 800 3658 damasus
818 3614 842 3657 ot
921 3608 953 3658 77
972 3607 1055 3659 tenuit
1072 3605 1200 3672 ferragine

121 3673 183 3739 Ppr.
271 3677 303 3726 78
322 3676 430 3728 turbinis
449 3677 482 3726 P:
503 3675 693 3741 temporisap
775 3675 807 3727 82
826 3673 965 3726 bocnobis
984 3682 1008 3726 α
1083 3674 1204 3726 donatP

211 3743 243 3793 84
260 3741 337 3794 libuit
355 3751 417 3808 αρε
437 3743 519 3795 uoluit
533 3743 560 3794 P.
578 3760 594 3793 o
608 3743 713 3793 libendo
725 3743 798 3794 dieto
808 3745 959 3808 putabatur
971 3742 1081 3794 libertas
1092 3743 1200 3808 (lustin.

123 3811 208 3861 instit.
227 3809 282 3872 13,
302 3814 327 3876 1)
402 3813 450 3863 sim
467 3813 538 3876 Ppr.
626 3813 657 3864 85
676 3811 776 3863 Liberio
794 3813 861 3877 Ppr.
968 3813 998 3864 87
1018 3810 1072 3862 lloc
1089 3810 1200 3878 reliqum

123 3879 156 3929 P:
174 3877 244 3930 llaec
261 3879 360 3946 reliqua
379 3888 403 3932 α
495 3878 554 3931 illut
572 3878 649 3932 detuo
668 3880 730 3931 tolle
748 3880 772 3929 P
786 3895 855 3932 corr.
870 3895 890 3944 p
995 3882 1027 3932 90
1045 3877 1161 3946 Expecto
1179 3878 1204 3928 P

125 3961 195 3998 corr.
209 3962 229 4012 p
299 3948 411 4001 mansuri
429 3955 454 4000 α
524 3947 623 4000 uetabit
640 3949 812 3999 Heinriolrios
