2528 4364
19 813 100 896 “⁵⁴7

0 1051 13 1091 ²
54 1080 81 1117 a,

113 221 154 278 82
563 223 738 276 tvvunntts

114 394 227 454 extollit
248 395 386 471 quotiens
407 395 799 473 voluitnllortunaffiiocaria
821 328 1078 476 57*th
1161 412 1193 462 4ο

116 478 186 557 quid
208 478 319 539 Romae
342 477 470 539 faciam?
493 463 754 552 mefflescim
777 479 894 550 librum,

114 564 138 624 si
160 564 255 623 malus
278 573 330 636 est,
354 583 470 643 nequeo
494 564 613 625 laudare
637 572 665 624 et
687 582 826 643 poscere;
850 575 948 649 motus
979 535 1143 675 W·

114 657 261 726 astrorum
285 650 407 726 ignoro;
430 650 520 740 lupus
543 650 717 728 promittere
739 646 942 730 patrissans-2
959 658 1083 708 m

115 752 171 794 nec
192 733 258 793 volo
282 753 337 794 nec
359 752 497 813 possum;
521 752 660 794 ranarum
683 734 795 795 viscera
819 736 982 812 numquam

114 818 245 897 inspexi3
268 820 347 879 ferre
369 819 406 878 ad
430 829 552 897 nuptam
576 837 652 897 quae
675 819 764 894 mittit
786 819 909 889 adulter,
933 828 964 909 3·-
1030 813 1135 891 affl
1161 834 1191 883 45

114 921 188 982 quae
212 904 340 975 mandat,
364 912 477 965 norunt
498 904 563 977 alii;
587 923 633 964 me
657 921 745 963 nemo
768 905 904 984 ministgo
1088 917 1185 976 m

106 985 162 1049 'fur
184 988 249 1059 erit,
272 996 360 1066 atque
385 989 450 1048 ideo
474 989 549 1048 nulli
572 1007 671 1048 comes
694 1007 766 1048 exeo
790 998 938 1066 tamquam

114 1091 237 1133 mancus
260 1082 289 1132 et
311 1073 469 1148 extinctae,
492 1091 601 1152 corpus
625 1092 684 1133 non
709 1074 789 1145 utile,
813 1072 941 1134 dextrae.

116 1158 182 1236 quis
206 1176 286 1217 nunc
309 1157 440 1236 diligitur
462 1158 518 1218 nisi
542 1159 681 1236 conscius
704 1168 733 1218 et
755 1156 803 1218 cu'i
826 1156 1090 1288 terven‘swss]

1160 1258 1190 1309 dd

9 1262 50 1299 ‚2
114 1250 226 1322 aestuat
251 1241 375 1302 occultis
397 1243 513 1304 animus
535 1261 713 1321 semperque
734 1241 889 1304 tacendis?

115 1327 157 1387 nil
178 1327 231 1386 tibi
254 1347 285 1387 se
308 1326 417 1387 debere
439 1336 532 1406 putat,
556 1328 598 1387 nil
621 1328 757 1387 conseret
778 1346 929 1406 umquam,

114 1412 289 1491 participem
311 1413 362 1490 qui
385 1420 414 1472 te
437 1412 543 1473 secreti
567 1413 637 1472 lecit
658 1413 792 1473 honesti:

9 1495 13 1503 '
38 1516 42 1524 ·
114 1515 200 1557 carus
223 1497 278 1557 erit
301 1497 393 1574 Verri,
420 1498 470 1575 qui
493 1497 615 1557 Verrem
638 1507 773 1576 tempore
797 1516 855 1575 quo
877 1498 939 1558 vult

39 1659 94 1763 t*

12 2164 101 2205 uum

113 1600 252 1642 accusare
274 1591 382 1662 potest.
425 1583 499 1643 tanti
521 1582 575 1643 tibi
599 1601 660 1642 non
683 1583 721 1642 sit
743 1582 828 1661 opaci

115 1667 212 1727 omnis
234 1667 343 1727 harena
365 1667 437 1752 Tagi
461 1668 600 1745 quodque
623 1668 654 1727 in
677 1685 757 1727 marc
780 1667 906 1727 volvitur
928 1686 1042 1739 aurum,
1157 1681 1188 1730 55

114 1761 147 1812 ut
169 1770 274 1812 somno
297 1771 397 1813 careas
419 1752 618 1831 ponendaque
642 1753 772 1830 praemia
792 1770 890 1813 sumas
910 1762 954 1808 aa·
1023 1775 1027 1783 ·
1068 1767 1073 1772 ·

114 1838 205 1899 tristis
228 1847 257 1897 et
279 1856 295 1896 a
318 1856 426 1916 magno
449 1855 567 1916 semper
589 1836 718 1898 timearis
740 1837 845 1897 amico.
1125 1912 1130 1919 .

157 1941 233 2002 quae
257 1940 339 1981 nunc
361 1921 499 2001 divitibus
521 1940 595 2000 gens
617 1915 821 2001 acceptissima
844 1923 963 1995 nostrie,
974 1933 1030 1975 aa·
1051 1909 1258 1986 Mimo-'Q

115 2017 144 2068 et
166 2025 241 2084 quos
263 2007 423 2084 praecipue
447 2007 565 2084 fugiam,
589 2007 757 2085 properabo
780 2008 893 2076 lateri„

114 2110 170 2152 nec
192 2090 289 2170 pudor
311 2089 448 2169 opstabit.
487 2110 548 2151 non
571 2110 692 2169 possum
716 2093 804 2163 serre,
829 2091 967 2163 Quirites,
1158 2103 1187 2153 66

115 2193 248 2255 graecam
272 2175 393 2246 urbem;
418 2176 550 2253 quamvis
572 2186 662 2256 quota
684 2177 782 2256 portio
805 2178 894 2237 faecis
916 2175 1048 2238 Achaei?

115 2260 310 2339 iampridem
335 2259 427 2339 Syrus
449 2260 479 2320 in
504 2260 634 2321 Tiberim
657 2262 778 2341 defluxit
800 2262 929 2323 Orontes
956 2272 977 2289 '·
1052 2279 1141 2339 ,μὴ

115 2354 144 2406 et
166 2346 295 2425 linguam
320 2355 349 2405 et
371 2348 470 2405 mores
493 2354 522 2405 et
544 2365 611 2406 cum
635 2346 758 2407 tibicine
780 2345 905 2406 chordas

114 2431 248 2510 obliquas
272 2449 410 2491 necnon
434 2431 554 2509 gentilia
576 2441 715 2511 tympana
738 2450 838 2491 secum
873 2428 1039 2537 “pa-⁴⁴4

113 2517 192 2577 vexit
214 2525 243 2577 et
265 2517 300 2577 ad
324 2517 436 2577 circum
459 2516 553 2576 iussas
577 2525 710 2594 prostare
732 2517 854 2595 puellas.
1160 2527 1188 2574 65

114 2601 163 2673 ite,
187 2600 295 2680 quibus
317 2611 400 2680 grata
422 2610 468 2661 est
489 2602 567 2679 picta
588 2602 663 2688 lupa
680 2601 805 2661 barbara
828 2601 930 2660 mitra:

0 2706 24 2781 ·'
114 2686 241 2763 rusticus
264 2687 313 2746 ille
334 2694 403 2746 tuus
425 2686 514 2746 sumit
536 2676 738 2777 trecbedipna
762 2685 897 2758 Quirine,

199 2884 238 2940 43
262 2881 303 2936 his
324 2881 371 2955 qui
392 2881 443 2938 sub
465 2899 559 2939 severo
581 2892 657 2958 patre
676 2891 786 2957 agentes
809 2886 841 2941 de
856 2893 944 2941 morte
958 2882 1042 2958 ipsius
1057 2883 1188 2956 cogitant.

200 2969 238 3024 45
254 2965 417 3023 lenocinium
428 2983 552 3024 exercere
566 2985 622 3024 non
637 2986 758 3041 possum.
846 2971 885 3027 46
904 2986 958 3025 non
972 2984 1085 3043 possum
1099 2984 1189 3024 asses-

112 3072 159 3111 sor
174 3069 233 3110 esse
248 3051 315 3108 luris
329 3050 434 3107 iudicis.
450 3051 519 3109 bene
534 3053 631 3110 adlusit
645 3054 678 3112 de
693 3053 888 3112 consiliaribus.
976 3056 1016 3113 54
1032 3051 1130 3117 nullae,
1147 3053 1190 3108 in·

113 3141 180 3215 quit,
196 3138 299 3195 divitiae
311 3137 378 3193 tanti
390 3136 438 3193 tibi
449 3137 511 3201 siut,
528 3147 560 3195 ut
574 3156 634 3196 cum
650 3139 717 3196 mala
732 3139 895 3198 conscientia
909 3139 1069 3196 habeantur.
1148 3141 1187 3196 56

112 3226 186 3301 quod
208 3225 344 3299 deponere
367 3221 471 3283 debeas.
493 3223 521 3280 id
543 3234 584 3281 est
605 3224 710 3283 abicere
732 3234 760 3282 et
782 3224 933 3299 neglegere.
1035 3225 1074 3282 60
1098 3221 1190 3280 excla-

111 3312 202 3368 matio.
222 3299 319 3386 ‘porro
350 3295 485 3377 Quirites'.
596 3312 635 3367 62
659 3309 755 3367 lluvius
777 3309 804 3364 in
828 3309 968 3366 Antiochia
990 3310 1111 3372 civitate,
1139 3325 1190 3382 per

112 3414 191 3470 quem
214 3396 296 3471 Syros
325 3393 464 3468 significat.
492 3403 523 3451 ut
545 3395 618 3468 Virg.
640 3392 721 3469 [Aeo.
744 3396 772 3457 8,
798 3391 869 3470 728]
893 3389 937 3452 ‘et
964 3403 1076 3470 pontem
1096 3393 1190 3466 indig-

112 3488 191 3535 natus
213 3475 334 3539 Araxes'.
444 3482 482 3538 67
507 3496 569 3536 ecce
590 3481 617 3534 in
640 3488 769 3553 quantum
791 3478 902 3535 Romani
923 3480 1017 3538 mstici
1038 3478 1190 3535 didicerunt

112 3564 253 3634 luxuriam,
276 3575 303 3622 et
323 3565 463 3640 palaestris
486 3566 525 3621 uti
548 3573 574 3620 et
594 3563 763 3638 phylacteriis
785 3573 817 3620 ut
837 3564 951 3622 athletae
970 3565 1003 3622 ad
1018 3565 1187 3621 vincendum.

112 3648 268 3706 vestimenta
295 3650 451 3723 parasitica,
482 3649 523 3705 vel
546 3647 682 3722 galliculas
703 3664 811 3722 graecas
839 3650 1005 3706 currentium
1028 3651 1061 3707 ad
1084 3666 1188 3707 cenam.

199 3840 231 3890 46
250 3837 329 3889 locari
350 3839 371 3886 Ρ
454 3840 486 3891 48
505 3837 630 3890 exstincta
649 3842 674 3888 et
691 3835 780 3888 dextra
798 3838 919 3889 Eramita
1016 3842 1048 3892 58
1069 3853 1136 3890 nunc
1156 3839 1187 3888 P:

113 3922 164 3958 non
181 3922 198 3972 p
320 3907 351 3958 61
373 3906 461 3957 achaei
480 3913 511 3957 ω
529 3906 611 3956 retal.
630 3904 735 3957 Lucani
752 3905 769 3956 Ι
783 3905 848 3958 284ε
867 3905 977 3958 achaeae
994 3909 1018 3957 P
1031 3907 1080 3957 sed
1095 3921 1188 3971 mper-

111 3978 242 4042 scriptam
260 3973 344 4026 achiui
