2528 4364
530 199 662 253 servat
680 201 715 253 lV

88 372 229 452 ancipitis
250 373 354 446 librae,
376 380 490 433 rectum
513 371 657 434 discernis
679 373 730 434 ubi
753 374 833 434 inter

88 475 181 520 curra
203 458 284 520 subit
305 457 351 518 vel
373 476 439 518 cum
464 457 537 518 lallit
558 459 634 536 pede
656 459 758 536 regula
780 478 861 534 varo,

89 551 120 604 et
142 543 222 622 potis
244 562 276 604 es
299 543 418 621 nigrum
440 542 509 603 vitio
532 544 696 622 praefigere
718 545 807 604 theta.

89 628 163 708 quin
187 638 219 689 tu
242 628 342 708 igitur,
365 645 479 689 summa
502 628 682 707 nequiquam
704 629 781 708 pelle
804 629 940 704 decorus,

88 721 160 774 ante
183 713 260 774 diem
282 713 392 774 blando
415 714 538 774 caudam
561 713 670 773 iactare
692 714 811 793 popello

89 798 211 877 desinis,
235 799 390 878 Anticyras
410 797 517 857 melior
538 797 661 859 sorbere
683 797 835 859 meracas?

90 902 169 963 quae
191 883 245 944 tibi
266 901 380 944 summa
404 882 476 943 boni
499 880 564 943 est?
586 891 675 944 uncta
697 884 802 945 vixisse
824 883 931 963 patella

92 986 214 1048 semper
236 977 265 1030 et
287 968 411 1029 adsiduo
434 977 534 1028 curata
558 968 684 1029 cuticula
707 967 792 1029 sole‘l

91 1062 225 1133 expecta,
248 1055 320 1114 haut
341 1052 419 1114 aliud
442 1053 622 1132 respondeat
643 1055 714 1114 haee
737 1072 820 1114 anus.
859 1053 869 1114 i
893 1071 985 1129 nunc,

88 1131 314 1200 “Dinomaches
337 1157 392 1217 ego
414 1130 494 1199 sum'
532 1138 616 1199 suilla
636 1131 727 1199 “sum
751 1128 931 1200 candidus''.
969 1145 1042 1212 estc,
1142 1146 1171 1197 th

91 1225 164 1293 dum
188 1243 227 1286 ne
250 1223 380 1285 deterius
403 1223 497 1303 sapiat
518 1224 667 1302 pannucia
689 1224 805 1298 Baucis,

91 1327 161 1371 cum
184 1308 262 1370 bene
284 1309 428 1370 discincto
451 1309 612 1369 cantaverit
634 1309 728 1370 ocima
750 1297 876 1370 vernae?

135 1401 169 1455 ut
191 1413 279 1455 nomo
302 1393 332 1454 in
357 1412 421 1455 sese
444 1384 568 1473 temptat
590 1393 779 1469 descendere,
803 1413 901 1468 nemo,

90 1479 143 1541 sed
166 1479 355 1558 praecedenti
378 1487 528 1558 spectatur
550 1480 676 1539 mantica
700 1487 794 1557 tergo.

92 1686 120 1735 et
148 1692 256 1734 curvam
284 1676 405 1750 regulam
433 1677 623 1733 momentariae
652 1672 815 1749 cognoscis?
852 1675 974 1749 regulam
1002 1673 1065 1730 dicit
1085 1674 1174 1748 ipsum

91 1762 284 1819 momentariae
305 1762 406 1819 stilum.
450 1771 497 1818 aut
519 1761 610 1833 regula
633 1778 706 1818 nuuc
726 1778 777 1835 pro
800 1777 893 1816 norma
916 1760 1016 1816 abusus
1039 1767 1088 1814 est.
1134 1766 1175 1815 est

92 1847 164 1904 euim
192 1863 222 1904 ea
249 1863 320 1903 rara.
433 1850 468 1905 13
492 1847 593 1903 iudices
621 1846 738 1902 litteram
768 1845 840 1902 theta
862 1853 1003 1919 apponunt
1024 1843 1057 1899 ad
1080 1859 1175 1899 eorum

91 1931 201 1988 uomina
223 1949 292 2006 quos
315 1932 447 2006 supplicio
470 1931 600 1988 afficiunt.
644 1932 740 1988 merito
762 1936 847 2009 θῆτα
870 1924 935 1992 ἀπὸ
950 1933 1011 1991 τοῦ
1025 1921 1174 1990 θανάτου

92 2017 120 2074 id
143 2027 185 2074 est
206 2033 221 2073 a
243 2025 338 2083 morte,
363 2026 390 2074 et
411 2017 484 2091 quod
507 2019 581 2091 quasi
603 2016 684 2073 habet
706 2017 787 2073 telum
810 2034 899 2074 suum.
921 2016 983 2072 ideo
1007 2014 1080 2088 quod
1101 2013 1176 2070 triste

92 2101 260 2176 intellegitur
280 2101 375 2160 mortis
397 2102 513 2176 signum.
558 2102 630 2158 unde
652 2103 760 2175 quidam
785 2102 822 2158 ait
836 2096 870 2159 ‘n
893 2101 1007 2158 multum
1030 2107 1091 2156 ante
1113 2098 1177 2155 alias

94 2186 189 2245 infelix
216 2187 306 2244 littera
331 2182 424 2244 theta’.
536 2190 572 2245 15
597 2195 658 2244 ante
688 2189 756 2244 diem
784 2195 873 2244 antem
908 2187 970 2243 dicit
997 2186 1024 2241 iu
1053 2185 1175 2249 comitiis,

96 2273 161 2347 quia
190 2273 336 2329 comitiales
364 2271 522 2329 dicebantur
544 2273 608 2337 dies,
630 2273 658 2328 in
681 2273 779 2346 quibus
801 2273 832 2328 ad
855 2272 962 2329 futuros
984 2273 1102 2327 honores
1124 2270 1177 2325 ho-

95 2358 182 2415 mines
205 2356 424 2431 designabantur.
507 2357 647 2414 translatio
671 2368 711 2414 est
733 2376 748 2415 a
771 2357 890 2422 canibus,
914 2357 961 2431 qui
988 2373 1050 2412 cum
1071 2354 1179 2409 blandi-

96 2450 184 2500 untur
206 2442 329 2508 dominis,
353 2444 463 2499 caudam
486 2452 604 2498 movent.
695 2446 732 2501 16
756 2444 882 2516 Anticyra
901 2440 1029 2515 oppidum
1045 2438 1178 2502 Phocidis,

96 2527 145 2585 ubi
173 2526 322 2585 elleborum
350 2528 479 2584 nascitur.
523 2527 618 2584 merito
648 2526 788 2600 pluraliter
809 2527 949 2599 Anticyras
980 2524 1053 2588 dixit,
1076 2531 1109 2579 ut
1129 2540 1180 2596 ap-

96 2622 192 2688 pareat
213 2613 271 2669 eius
294 2623 348 2669 tam
368 2629 481 2686 magnae
501 2611 619 2668 insaniae
641 2629 722 2668 unam
745 2611 869 2667 sulficere
890 2626 946 2667 non
968 2626 1058 2683 posse.
1099 2608 1180 2664 Anti-

99 2715 177 2773 cyras
205 2700 324 2772 tropicos
354 2697 432 2762 dixit,
462 2714 550 2771 neque
581 2697 650 2753 enim
679 2697 737 2771 ipsa
765 2695 856 2753 civitas
878 2695 1012 2760 sorbetur,
1043 2694 1090 2750 sed
1113 2694 1181 2751 elle-

97 2783 199 2840 borum
231 2785 305 2857 quod
337 2785 366 2840 in
399 2798 428 2839 ea
463 2782 591 2839 nascitur.
652 2807 654 2812 ·
725 2785 761 2841 18
785 2791 876 2839 curata
904 2799 928 2838 c.
951 2799 974 2837 s.
1004 2778 1182 2837 claromatiarii

102 2868 230 2926 dicuutur
257 2869 285 2924 id
313 2877 355 2925 est
382 2867 520 2933 colorarii,
551 2867 597 2942 qui
619 2876 678 2924 toto
701 2869 743 2925 die
765 2869 791 2923 iu
815 2884 895 2925 arena
916 2875 981 2923 sunt
1002 2865 1044 2922 vel
1065 2866 1093 2921 in
1115 2866 1182 2923 sole.

100 2954 204 3028 antiqui
231 2954 300 3010 enim
330 2953 469 3028 ungebant
496 2971 525 3009 se
553 2963 579 3009 ct
602 2953 629 3008 in
651 2954 708 3011 sole
730 2962 822 3019 erant,
850 2961 881 3010 ut
904 2952 993 3010 oleum
1015 2968 1115 3025 corpus
1137 2953 1183 3006 in-

98 3037 216 3096 hiberet.
270 3046 302 3095 ut
333 3039 463 3096 luvenalis
486 3038 554 3113 [11,
573 3037 645 3111 203]
673 3033 781 3095 ‘nostra
811 3038 886 3095 bibat
910 3054 1023 3095 vernum
1046 3044 1183 3093 contracta

100 3123 220 3182 cuticula
241 3125 326 3181 solem
349 3122 512 3199 effugiatque
535 3119 644 3196 togam’.
764 3126 801 3182 19
825 3123 913 3188 suilla,
936 3122 1023 3197 inquit
1045 3130 1133 3194 poeta,
1156 3119 1183 3175 id

101 3219 143 3267 est
171 3210 284 3266 extende
306 3218 333 3266 te
355 3218 382 3266 et
403 3211 551 3266 intumesce
573 3209 720 3274 nobilitate,
745 3210 818 3284 quod
842 3209 940 3265 Cliniae
961 3215 989 3264 et
1010 3206 1185 3262 dinomaches

100 3293 172 3350 lilius
194 3295 240 3351 sis.
263 3311 381 3368 quorum
403 3293 552 3352 Alcibiades
575 3293 645 3350 filius
669 3294 783 3351 traditur
805 3294 898 3352 fuisse.
964 3308 1102 3365 pannucea
1120 3291 1184 3348 vul-

102 3378 202 3453 gariter
229 3396 280 3454 pro
308 3396 429 3455 pannosa
459 3380 532 3444 dixit,
563 3380 589 3435 id
611 3387 653 3436 est
673 3381 769 3454 pannis
792 3379 888 3437 obsita.
976 3379 1015 3435 22
1039 3378 1186 3451 praecincti

102 3464 195 3521 tunica
223 3465 306 3523 linteo
335 3465 505 3522 amiciuntur.
551 3481 646 3521 vernae
675 3465 800 3522 dicuntur
833 3465 878 3538 qui
907 3463 1006 3519 Romae
1037 3464 1092 3520 nati
1121 3473 1186 3522 sunt

103 3558 152 3607 aut
179 3550 247 3607 servi
276 3550 348 3606 domi
376 3552 441 3606 nati.
530 3551 568 3607 24
594 3552 717 3624 Aesopus
741 3549 921 3624 apologorum
943 3548 1060 3623 scriptor
1081 3551 1186 3609 dicebat

102 3652 325 3710 unumquemque
352 3635 487 3693 homiuem
516 3635 581 3691 duas
604 3634 731 3692 manticas
752 3635 823 3692 serre
845 3634 913 3691 vitiis
934 3634 1037 3709 plenas,
1061 3636 1136 3693 etin
1157 3652 1187 3693 ea

192 3825 222 3876 13
241 3828 281 3875 est
299 3827 354 3876 αΡ
422 3827 455 3877 11
472 3824 558 3890 puelle
577 3832 600 3875 α
675 3826 706 3877 16
724 3824 831 3877 Desiuas
849 3832 873 3876 α
943 3786 1057 3879 merecas
1075 3833 1099 3877 α
1155 3827 1186 3877 19

104 3891 200 3944 inhuuc
229 3892 283 3943 ΑΡ
307 3893 355 3943 sad
380 3897 459 3959 prior
486 3909 501 3944 n
528 3909 605 3944 erasa
632 3895 663 3944 in
685 3895 708 3944 P
817 3896 846 3946 21
868 3909 999 3961 pannucea
1024 3901 1049 3945 α
1153 3895 1187 3944 22

103 3974 198 4028 ocyma
216 3962 270 4012 αΡ
341 3963 373 4015 23
393 3960 465 4014 'lunc
482 3975 592 4026 uemop

159 4051 201 4095 Ed.
215 4052 250 4096 111
973 4047 995 4095 ‘A
