2528 4364
115 199 154 257 68
563 195 736 249 luvuuntts

115 381 232 433 secreto
256 370 370 431 cenavit
392 367 484 430 avus?
509 386 590 428 nunc
613 368 744 445 sportula
766 367 862 446 primo

116 458 218 518 limine
240 475 329 535 parva
352 456 434 516 sedet
456 452 561 513 turbae
585 453 727 530 rapienda
750 461 875 530 togatae.

118 543 165 602 ille
187 551 286 601 tamen
309 541 414 600 faciem
436 540 519 617 prius
542 537 662 617 inspicit
684 549 713 597 et
733 536 862 616 trepidat
885 555 921 598 ne

118 627 289 706 suppositus
312 625 411 685 venias
433 642 468 683 ac
490 624 563 684 falso
588 622 708 682 nomine
730 619 850 701 poscast'

119 713 235 790 agnitus
258 711 394 789 accipies.
439 708 522 768 iubet
545 727 561 768 a
583 725 732 785 praecone
753 707 850 766 vocari

119 797 199 875 ipsos
221 795 415 873 Troiugenas,
440 812 508 853 narn
531 801 637 853 vexant
657 793 747 852 limen
770 803 800 852 et
822 791 879 871 ipsi
1149 803 1193 855 100

120 880 285 941 nobiscum.
306 873 355 940 ‘da
378 879 517 959 praetori,
541 879 577 937 da
600 877 706 938 deinde
729 868 872 937 tribuuo'.

119 965 169 1026 scd
193 965 349 1026 libertinus
372 965 455 1043 prior
477 972 530 1024 est.
572 953 674 1041 ‘prior'
701 962 798 1040 inquit
817 954 886 1040 ‘ego
909 961 1023 1022 adsum.
1119 1032 1124 1043 1

119 1069 173 1110 cur
196 1052 312 1110 timeam
337 1049 504 1109 dubitemve
527 1049 626 1108 locum
649 1046 818 1119 defendere,
841 1043 1174 1152 111101111100110371ΗΜ

120 1144 207 1195 natus
229 1135 265 1194 ad
288 1135 471 1214 Euphraten,
494 1133 597 1193 molles
620 1133 698 1210 quod
722 1131 753 1191 in
777 1149 847 1191 aure
870 1133 1018 1193 fenestrae
1108 1128 1134 1150 ‘⁴

120 1220 281 1298 arguerint,
305 1220 374 1279 licet
396 1219 460 1296 ipse
482 1215 612 1295 negem?
635 1217 685 1277 sed
710 1216 843 1294 quinque
865 1216 1007 1278 tabernae
1147 1226 1195 1277 101

121 1289 337 1383 quadringenta
360 1313 474 1383 parant.
519 1303 589 1381 quid
613 1303 729 1362 confert
752 1320 884 1381 purpupa
907 1286 1170 1389 11101114111000ι

121 1390 293 1467 optandum,
317 1390 341 1450 si
364 1388 504 1449 Laurenti
527 1387 708 1448 0001001111
732 1404 803 1466 agro
1071 1376 1194 1431 rm«

122 1475 284 1534 conductas
307 1473 450 1552 Corvinus
473 1491 550 1546 oves,
574 1491 629 1551 ego
652 1472 788 1551 possideo
811 1473 877 1550 plus
911 1443 1185 1569 &elimasa

121 1557 253 1619 Pallante
277 1568 306 1619 et
329 1551 475 1619 Licinis‘l’
500 1568 659 1647 expectent
680 1574 751 1634 ergo
773 1556 897 1630 tribuni,
921 1548 994 1613 aa}

209 1734 247 1790 95
272 1732 331 1805 quis
353 1742 463 1788 tuorum
485 1740 532 1787 aut
553 1739 606 1787 tam
627 1728 749 1802 locuples
771 1738 817 1785 aut
840 1737 891 1784 tam
913 1727 1067 1784 luxuriosus
1083 1726 1142 1792 fuit,
1166 1736 1199 1784 ut

122 1826 152 1874 tu
175 1814 226 1874 esf
250 1818 333 1874 moris
356 1825 446 1873 autem
468 1824 525 1872 erat
545 1815 615 1889 apud
638 1814 762 1886 antiquos
786 1837 805 1870 0
827 1829 861 1869 ne
884 1812 944 1886 quis
960 1812 1071 1869 adderet
1084 1828 1197 1885 posses-

122 1901 244 1958 sionibus
259 1903 315 1959 suis
338 1910 385 1958 aut
399 1919 431 1957 ex
445 1900 495 1956 illis
511 1900 653 1956 minueret.
740 1899 780 1956 96
797 1897 855 1953 11111
869 1897 982 1971 intelligi
997 1897 1068 1971 apud
1082 1905 1196 1961 veteres,

123 1988 242 2061 quamvis
257 2003 389 2060 pauperes
413 1993 510 2049 essent,
534 1992 623 2040 10111011
644 1983 770 2039 maiorem
790 1982 982 2040 humanitatem
1002 1982 1100 2048 fuisse3
1125 1998 1199 2039 nune

122 2081 290 2128 autemeam
312 2069 499 2126 solamvideri
521 2069 727 2134 humanitatem,
757 2068 875 2141 quodsi
903 2068 982 2124 detur
1004 2066 1141 2142 sportula,
1171 2075 1198 2124 et

122 2157 178 2229 ipsa
201 2154 372 2218 tenuissima,
402 2162 489 2210 tamen
519 2152 551 2209 ab
579 2153 719 2209 honoratis
746 2169 802 2209 non
826 2153 987 2218 excludaris,
1016 2153 1062 2226 qui
1085 2153 1117 2208 ad
1140 2169 1197 2210 00111

123 2241 180 2294 sine
202 2239 306 2312 pudore
329 2238 502 2295 conveniunt.
592 2241 650 2296 100
673 2238 816 2312 patricios,
840 2239 888 2312 qui
909 2238 959 2294 nisi
987 2238 1069 2312 agniti
1098 2236 1198 2295 fuerint

123 2340 179 2379 non
202 2323 345 2396 accipiunt,
369 2323 468 2380 nedum
490 2323 604 2379 humiles
626 2325 731 2397 possint
745 2325 876 2397 accipere.
967 2323 1198 2396 1020111111-

122 2409 209 2465 mines
232 2408 278 2481 qui
300 2410 328 2464 in
349 2407 537 2465 libertinorum
560 2408 646 2465 tribus
675 2410 752 2466 relati
780 2418 854 2466 sunt.
882 2407 927 2482 qui
956 2425 1018 2465 oum
1045 2408 1198 2465 libertatem

123 2502 289 2558 meruerunt,
315 2495 431 2566 pertusis
453 2495 563 2551 auribus
585 2496 659 2568 signa
679 2494 867 2551 libertinorum
889 2492 974 2550 celare
996 2509 1051 2550 non
1073 2503 1198 2567 possunt.

214 2581 273 2636 104
295 2579 504 2652 Mesopotameni
525 2581 647 2637 homines
671 2579 814 2638 effrenatae
830 2578 944 2635 libidinis
959 2580 1064 2635 suntin
1081 2587 1199 2652 utroque

124 2678 199 2719 sexu.
222 2662 352 2721 Salustius
374 2667 504 2723 meminit.
638 2668 694 2723 106
719 2666 924 2740 quadringenta.
954 2664 1000 2737 qui
1022 2672 1079 2720 erat
1100 2680 1199 2720 census

124 2755 202 2803 antea
224 2748 343 2821 equitum
366 2749 557 2807 Romanorum.
688 2751 753 2824 quid
780 2749 886 2825 confert
914 2765 1043 2822 purpura.
1073 2749 1200 2806 Lucillius

10 2902 11 2905 Ἴ
116 2818 232 2888 faurum
254 2840 335 2932 0111110
351 2834 485 2891 ambitiost
506 2835 639 2908 specimen
662 2821 788 2892 virtutis’.
875 2851 1005 2908 purpura.
1028 2833 1199 2891 laticlauium.

97 2893 273 3003 1111411100
307 2917 393 2975 Pallas
414 2918 537 2993 libertus,
559 2930 592 2977 ut
612 2919 700 2993 inquit
721 2919 842 2984 Probus,
873 2919 974 2976 Claudii
996 2919 1113 2976 Caesaris
1137 2917 1200 2976 offi-

127 3001 197 3058 cium
218 3003 354 3059 rationum
373 3004 566 3061 administravit
581 3014 608 3061 et
622 3005 649 3060 in
665 3021 807 3061 numerum
822 3015 977 3078 praetorum
990 3005 1101 3067 relatus,
1126 3005 1200 3079 quod

126 3104 271 3162 parumper
299 3096 470 3146 cunctantem
493 3089 630 3146 Caesarem
658 3091 691 3147 de
719 3089 823 3145 incestu
845 3090 1008 3164 Agrippinae
1035 3092 1068 3148 ad
1093 3090 1201 3165 nuptias

127 3172 320 3238 confirmasset,
344 3190 405 3229 eum
427 3191 481 3247 qua
502 3175 558 3248 ipse
580 3175 801 3232 consuetudinem
821 3176 908 3248 stupri
929 3177 996 3232 adeo
1017 3176 1104 3250 palam
1125 3175 1201 3233 fece-

127 3267 184 3324 rat,
197 3268 228 3315 ut
243 3259 270 3315 in
289 3259 405 3332 quodam
424 3259 565 3315 simulacro
578 3260 712 3317 Palatinae
722 3260 856 3317 Minervae
872 3261 1037 3335 adscriptum
1048 3263 1097 3319 sit:
1114 3261 1201 3318 Pallas

0 3362 12 3407 1
67 3325 102 3404 “i
128 3338 158 3402 o'
173 3339 351 3406 elttoivtea'
371 3343 466 3402 Vallo.
549 3334 678 3425 ‘Licinus
694 3346 780 3420 inquit
794 3345 909 3411 Probus,
933 3363 965 3404 ex
979 3347 1118 3404 Germania
1132 3363 1202 3421 puer

31 3412 223 3501 &captus
245 3438 335 3486 tantae
347 3429 493 3486 industriae
509 3429 568 3495 fuit,
590 3439 621 3487 ut
636 3431 760 3504 reliquias
781 3431 942 3488 cibariorum
963 3434 1033 3489 inter
1054 3449 1202 3489 conservos

50 3506 99 3579 pte
128 3509 288 3577 faeneraret,
312 3522 340 3571 et
361 3516 404 3572 cui
426 3515 491 3589 quid
513 3516 669 3573 credidisset
692 3516 763 3590 quali
784 3527 891 3591 poterat
912 3517 1091 3592 chirographo
1109 3517 1202 3592 pugil-

24 3588 230 3682 jffilaribns
243 3597 411 3658 subnotaret.
434 3616 579 3675 quoscum
595 3601 763 3676 expeditione
784 3605 897 3677 quadam
919 3603 1080 3660 transiturus
1101 3603 1202 3661 flumen

128 3680 156 3736 in
178 3681 343 3740 vestimentis
364 3686 570 3752 recondidisset,
602 3686 631 3743 C.
654 3686 719 3744 lulio
743 3687 848 3745 Caesari
869 3688 985 3762 quodam
1007 3689 1156 3764 denegante
1178 3687 1203 3745 ei

121 3764 305 3840 pugillaribus
326 3770 469 3844 quicquam
491 3780 647 3830 annotatum
668 3771 798 3830 barbarus
820 3774 950 3848 legendos
979 3774 1085 3832 obtulit.
1114 3774 1204 3832 statim

215 3951 264 4000 101
283 3952 309 4001 01
327 3954 391 4000 anto
407 3966 456 4018 ego
474 3968 580 4004 masam
598 3955 622 4005 P
689 3955 738 4005 100
756 3956 968 4022 purpuraemator
984 3957 1009 4007 P
1022 3971 1094 4009 corr.
1110 3973 1129 4024 p
