2528 4364
125 216 165 276 28
609 218 714 272 PERSll

122 407 159 448 an
182 389 290 466 passim
313 389 447 468 sequeris
468 407 572 449 corvos
594 399 726 468 testaque
749 389 871 467 lutoque

123 492 257 546 securus,
280 493 339 552 quo
362 493 415 553 pes
437 475 520 547 ferat,
544 482 632 553 atque
654 494 690 535 ex
712 483 847 553 tempore
867 472 961 534 rivis‘l

123 558 284 620 elleborum
306 560 426 632 frustra,
449 578 516 620 cnm
540 559 597 620 iam
620 560 696 620 cutis
719 577 806 638 aegra
828 558 963 632 tumebit,

122 646 273 724 poscentis
294 645 406 706 rideas:
430 645 560 705 venienti
583 645 730 706 occurrite
753 643 869 718 morbo,

123 738 152 791 et
175 729 244 808 quid
267 747 342 808 opus
365 729 484 790 Cratero
505 747 629 807 magnos
651 730 824 808 promittere
846 725 978 790 montis?
1169 738 1198 789 65

122 814 233 889 discite,
257 834 274 875 c
298 815 406 888 miseri,
429 822 459 875 et
480 833 583 875 causas
605 817 775 894 cognoscite
798 832 913 876 rerum:

123 900 192 977 quid
214 918 317 961 sumus
339 909 368 959 et
392 899 529 978 quidnam
554 900 659 961 victuri
681 901 839 979 gignimur,
862 900 935 960 ordo

123 985 190 1081 quis
212 986 296 1046 datus
319 993 369 1045 aut
391 993 486 1045 metae
510 1003 566 1063 qua
590 985 685 1046 mollis
707 986 800 1046 flexus
822 994 852 1045 et
873 984 962 1057 unde,

123 1071 189 1148 quis
211 1071 317 1131 modus
340 1079 473 1148 argento,
497 1070 565 1147 quid
589 1071 632 1131 las
655 1079 768 1167 optare,
792 1071 861 1148 quid
885 1087 972 1149 asper

122 1155 195 1215 utile
219 1173 357 1215 nummus
380 1153 477 1229 babet,
499 1155 612 1233 patriae
635 1157 769 1234 carisque
792 1154 968 1234 propinquis
1172 1165 1200 1214 tt

123 1250 267 1317 quantum
290 1239 408 1318 elargiri
430 1241 540 1312 deceat,
565 1258 652 1317 quem
675 1250 704 1302 te
727 1242 799 1301 deus
821 1259 885 1301 esse

122 1325 208 1386 iussit
230 1336 259 1385 et
280 1325 408 1385 bumana
432 1342 489 1404 qua
511 1335 594 1404 parte
616 1326 729 1386 locatus
751 1344 782 1387 es
803 1325 834 1386 in
857 1343 899 1386 re.

123 1409 214 1484 disce,
237 1429 294 1471 nec
315 1411 445 1472 invideas
468 1410 547 1489 quod
571 1411 660 1472 multa
683 1410 780 1472 fidelia
801 1420 886 1490 putet

123 1581 205 1638 vitam
219 1599 375 1656 peragrans,
397 1591 429 1639 ut
447 1582 534 1647 libuit,
558 1583 645 1640 omnia
668 1583 742 1644 iacis,
766 1599 862 1640 coruos
884 1581 1018 1655 lapidibus
1041 1578 1201 1638 insectaris‘l

123 1667 197 1741 quod
220 1677 261 1724 est
273 1666 399 1724 inertium
421 1675 449 1724 et
469 1667 616 1726 stultorum
631 1670 767 1726 indicium.
812 1669 884 1725 corvi
900 1667 970 1724 enim
985 1665 1121 1723 instabiles
1136 1675 1200 1724 sunt

122 1752 176 1808 buc
189 1752 254 1810 illuc
270 1753 473 1817 transvolantes,
492 1762 521 1809 et
537 1770 593 1809 non
609 1764 705 1810 curant
718 1762 765 1810 aut
778 1754 806 1809 in
821 1753 873 1809 alta
888 1751 985 1808 arbore
1003 1752 1098 1808 sedere
1112 1752 1199 1809 autin

122 1837 288 1912 palustribus
310 1838 494 1912 aquaticisque
515 1838 591 1901 locis,
622 1849 649 1895 et
669 1838 805 1895 adulteros
826 1838 956 1910 figurant.
1054 1839 1092 1896 63
1117 1837 1200 1894 stulte

123 1921 213 1979 solent
234 1924 341 1997 quidam
356 1923 508 1979 inveteratis
523 1923 592 1979 vitiis
607 1923 728 1980 medendi
749 1923 864 1979 remedia
885 1922 1036 1996 implorare,
1061 1939 1122 1977 cum
1144 1923 1202 1979 uti-

123 2024 176 2082 que
204 2010 291 2081 primo
321 2009 467 2064 cavendum
495 2008 544 2071 sit,
574 2025 608 2064 ne
630 2008 690 2081 quis
712 2009 783 2064 sanis
805 2008 930 2064 membris
952 2006 1064 2064 morbus
1086 2007 1201 2082 inrepat.

123 2091 292 2164 allegoricos.
371 2093 517 2148 amedicis
539 2102 662 2148 tractum.
742 2093 891 2149 elleborum
914 2092 1094 2149 medicaminis
1117 2110 1201 2166 genus

124 2185 178 2240 est,
212 2177 286 2251 quod
318 2176 458 2252 hydropici
490 2192 569 2251 saepe
600 2176 710 2243 bibunt,
741 2179 815 2252 quod
842 2179 863 2234 si
894 2178 1003 2234 nimium
1028 2179 1201 2251 sumpserint,

125 2269 209 2318 necat.
282 2263 320 2320 65
343 2261 370 2318 in
392 2261 537 2336 proverbio
559 2273 601 2318 est
616 2257 738 2319 ‘montes
760 2258 876 2320 aureos'.
921 2263 986 2337 quid
1007 2263 1120 2337 prodest
1140 2271 1203 2337 post

124 2346 233 2403 morbos
255 2363 314 2404 sera
336 2347 453 2404 remedia
474 2364 604 2421 quaerere
626 2358 653 2405 et
668 2348 776 2404 Cratero
799 2349 902 2404 medico
924 2347 1007 2404 multa
1021 2345 1202 2422 promittere?

123 2431 166 2488 bic
199 2432 323 2489 Craterus
356 2432 471 2507 Augusti
502 2433 668 2507 temporibus
698 2433 794 2489 nobilis
831 2433 883 2488 luit
911 2433 1045 2497 medicus,
1081 2433 1115 2490 de
1147 2451 1201 2507 quo

124 2517 249 2575 Horatius
272 2518 337 2575 dicit
359 2517 424 2593 [sot.
443 2519 471 2584 2,
492 2513 701 2593 3,161]‘non
724 2528 766 2575 est
780 2518 925 2583 cardiacus,
949 2518 1087 2574 Craterum
1105 2519 1201 2576 dixisse

123 2599 240 2677 putato’.
284 2622 332 2677 per
360 2605 433 2660 bunc
465 2621 571 2661 omnem
604 2604 735 2661 medicum
757 2604 814 2661 vult
836 2603 927 2677 accipi.
1003 2605 1041 2661 66
1070 2603 1201 2660 disciteo

123 2688 211 2743 miseri
233 2697 261 2744 et
283 2705 376 2746 causas
398 2705 478 2763 cogn.
500 2706 524 2745 r.
547 2690 572 2744 id
595 2699 635 2746 est
651 2689 858 2763 philosophiam.
904 2688 968 2745 dicit
983 2704 1202 2764 unumquemque

124 2771 225 2828 debere
253 2773 353 2830 discere
383 2775 501 2830 omnium
524 2790 614 2829 rerum
636 2775 777 2839 rationem,
806 2783 837 2831 ut
858 2774 926 2830 sciat
946 2773 1009 2847 quid
1032 2774 1089 2847 ipse
1111 2783 1153 2831 est
1175 2782 1202 2832 et

125 2856 160 2913 ob
195 2873 275 2931 quam
308 2875 413 2914 causam
445 2869 525 2914 natos
553 2867 609 2924 est,
639 2862 684 2914 sed
714 2867 742 2915 et
765 2858 845 2915 finem
875 2859 943 2915 vitae
965 2858 1062 2915 intueri
1084 2869 1111 2914 et
1134 2876 1201 2934 quae

126 2940 220 3015 fugiat,
244 2957 312 3016 qnae
334 2951 455 3016 exoptet,
480 2959 559 3017 quem
582 2944 688 3000 modurn
711 2944 739 2999 in
762 2944 907 3017 cupiditate
930 2952 1031 3009 teneat,
1056 2944 1130 3018 qued
1151 2943 1202 3001 bo-

126 3043 205 3092 num,
237 3027 311 3101 quod
344 3044 468 3101 aspemm
503 3045 627 3084 nummus
650 3027 759 3092 babeat,
789 3029 831 3085 vel
853 3039 982 3103 quantum
1004 3030 1060 3085 suis
1081 3031 1203 3103 parenti·

123 3111 175 3170 bus
208 3112 299 3185 largiri
332 3122 449 3185 oportet.
504 3122 534 3169 ut
568 3113 697 3186 Vergilius
731 3113 875 3188 sapientem
911 3113 1014 3170 felicem
1048 3131 1106 3171 esse
1140 3115 1203 3172 dixit

124 3197 162 3272 [p.
179 3200 207 3264 2,
224 3196 298 3272 490]
325 3191 405 3254 ‘felix
434 3199 480 3272 qui
513 3198 604 3272 potuit
632 3216 723 3255 rerum
759 3215 923 3273 cognoscere
953 3194 1065 3255 causas'.
1111 3200 1203 3257 discite

124 3299 188 3357 ergo
211 3294 257 3341 aut
278 3283 426 3340 naturalem
441 3282 637 3357 philosophiam
652 3293 698 3340 aut
712 3285 850 3341 moralem.
920 3285 958 3343 69
981 3300 1061 3358 asper
1075 3301 1201 3342 nummus

125 3378 171 3425 aut
192 3370 261 3426 male
276 3379 369 3443 partus
384 3379 431 3426 aut
445 3368 613 3427 criminosus.
691 3371 730 3428 73
755 3371 825 3426 disce
847 3369 1053 3444 philosophiam.
1097 3379 1125 3428 et
1146 3387 1202 3427 non

125 3453 243 3510 inrideas
277 3454 416 3519 divitibus,
451 3455 524 3528 quod
558 3454 702 3528 sapientiae
731 3463 859 3512 nonest.
902 3456 929 3511 in
952 3471 1067 3528 quorum
1090 3455 1202 3513 cellariis

125 3546 199 3595 tanta
222 3548 262 3596 est
285 3540 383 3614 dapum
405 3538 575 3603 abundantia,
599 3551 629 3596 ut
652 3539 730 3597 etiam
752 3547 909 3614 putrescant
931 3538 1025 3614 epulae
1047 3557 1115 3614 quae
1133 3557 1224 3607 con-v

211 3704 243 3754 62
263 3702 329 3753 bibis
348 3710 372 3753 α
450 3705 482 3756 63
500 3703 568 3754 llell-
587 3711 610 3755 α
696 3706 729 3757 66
747 3703 843 3756 Discite
862 3719 877 3754 o
896 3706 949 3755 αΡ
962 3705 1131 3768 Augustinus
1149 3708 1202 3756 eiu.

125 3770 244 3822 d.116:
267 3769 415 3838 Disciteque
438 3788 454 3824 o
478 3776 527 3823 aut
548 3771 644 3824 Discite
666 3778 692 3824 et
715 3788 731 3823 o
753 3788 786 3824 m.
811 3787 900 3823 causas
919 3776 938 3836 ς
956 3772 981 3823 io
999 3772 1129 3823 Burtbius
1154 3788 1202 3825 uos

127 3838 238 3889 Guietus
307 3841 338 3891 67
358 3841 486 3904 gignimus
505 3849 528 3892 α
606 3843 638 3894 68
657 3857 688 3893 au
707 3843 772 3906 Ppr.
843 3855 931 3892 meeae
950 3847 974 3892 α
1043 3855 1119 3907 quam
1137 3844 1202 3908 Ppr.

211 3909 244 3959 69
268 3908 366 3973 argenti
392 3909 561 3973 Augustinus
664 3913 696 3961 70
715 3908 751 3961 Vt
773 3909 817 3960 ille
843 3908 913 3974 Ppr.
1017 3911 1049 3962 ‘ll
1073 3909 1159 3976 largiri
1177 3916 1201 3960 α

125 3976 296 4040 Augatstz'uus
365 3979 398 4028 ‘13
417 3976 525 4028 inuidiae
544 3984 567 4027 α
