2528 4364
128 222 149 278 4
618 218 722 272 PERSll

129 395 199 474 quid
222 394 348 456 faciam?
370 394 422 456 sed
444 413 509 456 sum
531 394 676 474 petulanti
698 392 801 473 splene
823 392 980 453 cachinno.

171 480 329 542 scribimus
350 480 467 554 inclusi,
491 497 632 540 numeros
653 479 712 551 ille,
735 479 782 538 hio
805 478 879 556 pede
902 476 985 551 liber,

128 565 240 644 grande
262 565 370 645 ahquid
395 564 472 645 quod
496 566 597 644 pulmo
621 565 735 625 animae
758 563 929 642 praelargus
951 562 1078 623 anhelet.

127 651 239 712 scilicet
260 652 332 712 haec
355 651 465 730 populo
488 669 642 730 pexusque
664 659 791 727 togaque
813 648 926 709 recenti
1181 657 1211 707 15

128 745 158 797 et
181 737 314 798 natalicia
335 737 456 798 tandem
479 754 545 796 cum
570 735 754 815 sardonyche
776 733 860 794 albus

127 822 196 883 sede
217 820 297 902 leges
320 821 406 894 celsa,
429 821 541 900 liquido
564 819 796 899 complasmata
818 826 920 896 guttur

127 907 236 969 mobile
259 907 417 980 conlueris‚
440 905 569 985 patranti
592 907 702 966 fractus
725 905 828 965 ocello.

127 1000 199 1053 tunc
221 1011 320 1071 neque
343 1009 425 1052 more
447 991 543 1071 probo
565 991 662 1052 videas
685 1009 741 1051 neo
763 1008 834 1050 voce
856 1005 961 1049 serena

126 1077 256 1156 ingentis
277 1077 424 1156 trepidare
446 1077 538 1149 Titos,
561 1094 629 1136 cum
652 1076 784 1136 carmina
806 1073 940 1134 lumbum

126 1162 240 1223 intrant
261 1171 291 1223 et
311 1162 439 1224 tremulo
462 1162 636 1240 scalpuntur
657 1160 709 1222 uhi
731 1161 834 1221 intima
854 1177 952 1220 versu.

126 1255 191 1318 tun,
213 1248 318 1319 vetule,
340 1247 480 1309 auriculis
503 1246 606 1307 alienis
627 1246 741 1326 colligis
763 1242 865 1306 escas?

127 1332 266 1394 auriculis
288 1331 397 1412 quibus
419 1342 449 1393 ct
470 1332 550 1393 dicas
572 1340 639 1393 oute
663 1331 796 1411 perditus
815 1319 925 1390 ‘ohe'i

123 1410 197 1496 ‘quo
220 1418 364 1492 didicisse,
388 1418 445 1480 nisi
466 1418 524 1478 hoc
545 1418 726 1478 fermentum
749 1425 779 1477 et
801 1433 876 1494 quae
898 1412 989 1475 semel
1011 1411 1092 1472 intus

126 1503 228 1564 innata
250 1511 295 1564 est
315 1511 405 1582 rupto
427 1504 526 1565 iecore
548 1502 652 1563 exierit
673 1499 848 1582 caprificus?
1180 1506 1211 1557 25

126 1607 164 1649 en
187 1588 283 1668 pallor
304 1586 502 1668 seniumque.'
546 1607 694 1660 omores,
717 1587 947 1665 usqueadeone

125 1795 194 1852 circa
217 1794 330 1853 fratrum
352 1795 431 1852 filios.
464 1796 503 1852 sic
524 1795 616 1852 Cicero
637 1793 706 1868 [pro
724 1792 820 1849 Coelio
837 1790 888 1866 25]
906 1781 1070 1864 ‘obiurgavit
1084 1789 1210 1847 Caelium

123 1890 155 1937 ut
177 1881 284 1955 quidam
306 1891 420 1956 patruus
449 1867 566 1937 censor’.
657 1879 693 1935 12
716 1878 864 1934 secundum
891 1876 1017 1952 physicos
1045 1876 1125 1940 dicit,
1157 1876 1210 1950 qui

124 1965 219 2022 dicunt
239 1966 359 2023 homines
381 1965 474 2039 splene
495 1965 598 2029 ridere,
629 1962 692 2020 telle
713 1963 799 2027 irasci,
822 1962 911 2019 iecore
933 1977 1028 2026 amare,
1052 1961 1135 2018 corde
1157 1977 1209 2016 sa-

124 2067 200 2124 pere.
301 2051 431 2106 cachinno
461 2066 560 2106 nomen
589 2056 631 2105 est
660 2057 687 2106 et
714 2047 834 2105 verbum.
885 2047 1031 2104 cachinnus
1061 2055 1103 2102 est
1131 2046 1208 2103 risus

123 2133 246 2191 lascivior
267 2152 328 2191 cum
349 2151 426 2192 voce.
522 2151 602 2209 quem
625 2133 716 2190 Graeci
736 2137 849 2213 μῶρον
871 2136 1016 2210 γελῶντα
1037 2132 1142 2189 dicunt.

215 2223 250 2279 15
273 2237 359 2294 pexus
381 2220 532 2294 pectinatus
553 2219 596 2276 vel
623 2228 730 2276 tonsus.
775 2219 972 2275 barbitondium
1001 2225 1042 2274 est
1070 2225 1207 2276 tonsurae

124 2322 210 2380 genus
232 2322 288 2380 quo
310 2305 419 2362 invenes
442 2305 604 2368 tondentur,
634 2305 705 2361 unde
733 2304 771 2361 sic
799 2304 869 2360 tonsi
896 2302 1033 2377 pexiharhi
1059 2313 1207 2360 vocantur.

214 2394 250 2450 16
274 2390 430 2465 ambiguitas
453 2390 480 2446 in
508 2389 644 2455 natalicia,
673 2397 765 2446 utrum
794 2406 851 2446 eam
879 2388 959 2444 natali
987 2405 1037 2444 suo
1066 2387 1209 2461 acceperit

123 2493 244 2542 munere,
268 2494 301 2534 an
324 2485 429 2534 tantum
451 2493 483 2533 eo
507 2475 549 2533 die
570 2492 665 2549 gerere
688 2475 780 2541 soleat,
805 2474 865 2550 quia
882 2473 988 2548 quidam
1011 2471 1111 2529 habent
1134 2489 1206 2530 anu·

123 2561 164 2619 los
187 2579 256 2636 quos
278 2562 320 2620 die
342 2571 445 2619 tantum
468 2561 548 2618 natali
569 2570 677 2635 gerunt.
764 2560 840 2618 albus
869 2569 916 2615 aut
943 2559 1037 2616 festiva
1058 2565 1134 2615 veste
1156 2559 1206 2614 in·

123 2647 204 2703 dutus
225 2655 272 2704 aut
292 2648 427 2722 cogitandi
448 2647 552 2721 pallore
574 2646 723 2704 coniectus.
805 2648 841 2703 17
865 2645 965 2720 plasma
987 2652 1028 2701 est
1048 2643 1124 2718 potio
1149 2661 1206 2718 qua

122 2739 237 2788 utuntur
259 2732 352 2788 musici
373 2740 400 2788 et
421 2732 467 2806 qni
488 2733 561 2788 vocis
577 2730 703 2789 affectant
723 2731 821 2789 habere
843 2729 1020 2794 dulcedinem,
1044 2728 1115 2785 solet
1130 2729 1206 2786 enim

123 2833 215 2873 vocem
238 2815 307 2873 hene
329 2826 470 2874 sonantem
491 2815 589 2873 iacere.
680 2818 716 2874 18
739 2817 853 2890 patratio
876 2825 918 2872 est
937 2815 976 2872 rei
993 2814 1116 2871 veneriae
1132 2831 1207 2872 con-

123 2902 276 2958 summatio.
385 2903 424 2959 20
448 2903 570 2974 ingentes
592 2901 666 2957 'litos
694 2901 758 2957 dicit
779 2901 913 2957 Romanos
941 2910 1080 2958 senatores
1107 2909 1158 2957 aut
1188 2918 1204 2957 a

122 2987 181 3044 l'ito
205 2987 278 3043 'latio
299 3003 364 3060 rege
385 2984 545 3043 Sabinorum
567 2994 613 3042 aut
641 2994 714 3044 certe
743 3004 757 3043 a
779 2985 892 3042 membri
912 2985 993 3042 virilis
1015 2985 1207 3058 magnitudine

123 3073 187 3130 dicti
210 3072 261 3129 titi.
305 3072 379 3128 'litos
401 3071 584 3136 scholasticos,
609 3071 682 3146 quod
705 3071 760 3128 sint
780 3072 840 3146 vagi
867 3088 955 3145 neque
983 3087 1039 3127 nuo
1068 3073 1205 3145 magistro

123 3158 243 3216 contenti
266 3165 293 3214 et
313 3158 341 3213 in
356 3155 491 3214 libidinem
507 3157 594 3231 proni,
618 3158 688 3213 sicut
709 3174 770 3214 aves
793 3157 890 3231 quihus
913 3164 1111 3230 comparantur,
1138 3173 1206 3214 nam

123 3245 162 3302 titi
184 3243 324 3301 columbae
345 3253 410 3299 sunt
430 3252 558 3316 agrestes.
643 3243 684 3300 23
709 3252 770 3299 cute
791 3243 928 3316 perditus,
955 3252 986 3299 ut
1007 3241 1101 3298 vitium
1124 3243 1205 3316 quod

121 3329 281 3387 intrinsecus
303 3327 399 3394 habes,
424 3329 501 3385 etiam
524 3328 551 3383 in
573 3337 635 3384 cute
657 3336 793 3402 appareat.
881 3329 920 3385 24
943 3327 1013 3383 siout
1035 3327 1205 3385 termentum

122 3430 235 3471 massam
257 3414 358 3489 rumpit
380 3422 407 3470 et
428 3411 567 3487 caprificus
590 3429 659 3477 saxa,
683 3413 720 3469 111
742 3413 878 3486 ingenium
899 3423 1005 3488 pectus.
1033 3412 1204 3471 fermentum

122 3499 193 3555 iutra
214 3499 332 3556 modium
353 3499 415 3572 plus
438 3516 492 3554 111
513 3498 580 3554 hora
602 3515 656 3554 uon
680 3506 770 3572 potest
798 3498 938 3555 contineri.
984 3497 1079 3554 crescit
1106 3499 1203 3573 capri-

122 3583 188 3640 ficus
211 3601 242 3641 ex
263 3583 399 3647 lateribus,
422 3583 449 3639 iu
471 3583 570 3658 quibus
592 3594 633 3641 est
654 3593 793 3659 concepta.
838 3592 879 3641 est
899 3583 942 3641 hic
962 3583 1068 3640 schema
1091 3578 1203 3646 dnov-

208 3768 240 3818 12
258 3764 398 3832 petulantis
415 3765 506 3832 plenae
524 3767 548 3816 P
623 3769 655 3819 14
673 3764 742 3834 quod
760 3767 793 3816 P:
813 3781 864 3833 quo
884 3772 907 3816 α
989 3768 1020 3817 15
1039 3779 1120 3830 pexus
1138 3769 1201 3819 sius

122 3848 171 3901 que
191 3841 214 3884 α
319 3837 349 3887 11
368 3832 439 3899 leges
457 3838 487 3898 ςε
505 3834 594 3900 legens
613 3837 665 3886 αΡ
680 3835 831 3900 Porphyrio
851 3835 913 3885 Hor.
931 3838 980 3885 sat.
998 3832 1066 3896 112,
1084 3833 1117 3884 21

124 3903 155 3956 18
174 3901 269 3955 fractus
288 3909 312 3954 α
382 3905 413 3955 19
426 3901 540 3955 TuncP:
559 3901 606 3952 llic
624 3909 673 3968 ap
744 3904 775 3954 20
794 3901 947 3969 ingentesp
1029 3898 1200 3957 22Τ111α

122 3972 154 4023 23
171 3969 294 4024 Articulis
311 3970 452 4022 Muduieua
520 3970 682 4038 perditosoae
701 3978 724 4021 α
799 3973 832 4024 24
850 3972 1029 4024 fermentatum
1044 3985 1062 4035 p
