2528 4364
125 220 165 279 50
610 219 714 271 PERSll

125 392 197 453 dant
219 392 333 471 scopuli
356 400 386 453 et
409 393 499 453 multa
521 392 590 454 litus
612 412 644 453 se
667 391 739 452 valle
762 401 903 472 receptat.

124 477 219 538 Lunai
241 486 370 555 portum,
394 486 438 538 est
461 495 578 556 operae,
602 477 782 557 cognoscite,
805 479 896 539 cives:

124 581 177 623 cor
199 562 281 622 iubet
302 563 360 622 hoc
382 561 471 637 Enni,
494 572 651 642 postquam
674 562 828 623 destertuit
850 581 915 624 esse
1172 573 1201 624 to

124 647 302 722 Maeonides,
326 646 455 718 Quintus
476 665 591 727 pavone
614 666 649 708 ex
672 648 869 728 Pythagoreo.

122 732 170 793 hic
193 751 248 810 ego
271 750 394 793 securus
415 732 493 812 volgi
516 733 637 811 etquid
660 742 817 812 praeparet
838 741 937 795 auster

121 817 223 878 infelix
246 817 357 896 pecori,
380 835 503 878 securus
525 825 563 890 et,
586 819 712 896 angulus
734 817 783 878 ille

120 902 209 962 vicini
232 911 336 963 nostro
359 902 428 980 quia
451 902 591 981 pinguior
599 919 608 976 ;
631 911 660 963 et
682 903 705 963 si
728 902 801 963 adeo
825 921 930 964 omnes

121 987 268 1048 ditescant
290 987 347 1047 orti
370 986 532 1066 peioribus,
558 1005 653 1066 usque
674 1006 810 1048 recusem

122 1090 229 1132 curvus
252 1071 290 1132 ob
313 1071 342 1131 id
364 1071 460 1133 minui
481 1071 564 1133 senio
588 1082 639 1133 aut
660 1091 769 1134 cenare
791 1072 856 1134 sine
878 1080 970 1133 uncto

122 1165 151 1217 ct
173 1156 292 1234 signum
315 1157 344 1217 in
369 1156 471 1235 vapida
494 1175 567 1217 naso
589 1158 721 1237 tetigisse
743 1157 876 1236 lagoena.

122 1242 270 1321 discrepet
291 1241 337 1302 his
359 1241 441 1302 alius.
486 1241 630 1322 geminos,
653 1243 830 1322 horoscope,
853 1260 922 1302 varo

123 1326 264 1405 producis
285 1327 389 1406 genio:
416 1326 486 1388 solis
510 1327 656 1389 natalibus
678 1335 723 1389 est
746 1328 796 1406 qui

120 1533 189 1590 enim
212 1548 292 1590 naves
313 1532 457 1589 hibernare
479 1531 600 1598 dicimus,
624 1549 685 1590 cum
700 1549 755 1590 non
771 1533 905 1606 navigant,
921 1533 960 1589 sic
975 1542 1002 1590 et
1015 1549 1090 1590 mare
1104 1533 1197 1590 hiber-

119 1633 185 1675 nare
206 1617 326 1684 dicimus,
351 1618 413 1674 dum
436 1634 492 1674 non
515 1617 663 1691 navigatur.
778 1621 796 1677 9
821 1635 836 1674 o
859 1618 938 1684 cives,
963 1634 1059 1693 operae
1081 1619 1196 1693 pretium

118 1712 160 1760 est
187 1711 298 1778 portum
326 1705 353 1760 in
381 1704 492 1759 modum
513 1702 594 1760 lunae
616 1703 715 1760 lactum
739 1720 914 1778 cognoscere.
957 1704 1043 1760 Lunai
1064 1721 1128 1760 vero
1151 1720 1196 1761 se-

118 1789 236 1846 cundum
265 1789 400 1863 antiquam
432 1787 637 1845 declinationem
665 1788 744 1854 dixit,
773 1799 805 1845 ut
827 1788 958 1862 Vergilius
982 1787 1061 1863 [leo.
1079 1793 1107 1853 7,
1125 1788 1196 1862 464]

112 1867 195 1932 ‘furit
215 1875 288 1930 intus
311 1868 409 1948 aquai'.
500 1876 536 1930 10
560 1872 633 1929 hunc
654 1890 760 1930 versum
782 1874 816 1930 ad
837 1891 916 1930 suum
938 1891 1046 1931 carmen
1069 1875 1101 1931 de
1118 1874 1196 1930 Ennii

118 1957 279 2015 carminibus
307 1957 455 2016 transtulit.
484 1957 580 2013 merito
609 1973 673 2031 ergo
703 1959 740 2015 ait
755 1952 820 2016 ‘cor
845 1958 920 2016 iubet
941 1959 994 2016 hoc
1015 1959 1092 2025 Enni,
1115 1969 1196 2033 post-

117 2060 197 2118 quam
220 2029 381 2100 destertuit.³
470 2042 509 2098 sic
530 2041 631 2100 Ennius
653 2043 689 2100 ait
710 2043 737 2099 in
761 2044 895 2101 annalium
918 2059 1030 2101 suorum
1052 2045 1194 2118 principio,

116 2126 163 2184 ubi
192 2127 255 2184 dicit
284 2144 315 2184 se
342 2127 438 2184 vidisse
460 2127 611 2190 insomnis
633 2127 779 2186 Homerum
801 2130 933 2187 dicentem
955 2128 1039 2186 luisse
1061 2129 1197 2203 quondam

116 2227 256 2286 pavonem,
281 2221 308 2269 et
329 2229 362 2269 ex
383 2229 415 2269 eo
440 2212 591 2270 translatam
614 2215 641 2271 in
664 2230 693 2271 se
714 2215 827 2271 animam
843 2232 911 2280 esse,
930 2215 1078 2272 secundum
1094 2215 1196 2289 Pytha-

114 2313 196 2371 gorae
218 2296 373 2372 philosophi
395 2298 586 2363 definitionem,
610 2299 656 2373 qui
678 2299 741 2356 dicit
756 2301 857 2357 animas
878 2300 1006 2356 humanas
1020 2317 1070 2374 per
1085 2306 1195 2376 aetey-

114 2387 258 2459 γενεσίαν
281 2383 308 2440 id
330 2391 371 2441 est
391 2400 441 2458 per
462 2383 583 2441 iteratam
606 2386 806 2459 generationem
828 2394 955 2442 exeuntes
978 2385 1011 2442 de
1034 2385 1195 2460 corporibus

114 2469 142 2524 in
171 2469 220 2525 alia
249 2486 331 2544 posse
361 2485 476 2544 corpora
509 2468 632 2526 introire.
676 2469 735 2527 ideo
765 2470 876 2544 quintus
899 2469 970 2534 dicit,
1000 2479 1115 2545 propter
1137 2487 1195 2528 eam

115 2554 269 2630 opinionem
292 2571 361 2629 quae
383 2555 445 2612 dicit
467 2555 581 2611 animam
596 2555 763 2630 Pythagorae
783 2557 810 2611 in
826 2571 958 2629 pavonem
973 2554 1138 2622 translatam,
1163 2556 1195 2612 de

113 2656 217 2714 parone
239 2656 303 2696 vero
326 2641 359 2696 ad
381 2640 566 2716 Euphorbum,
591 2640 624 2696 de
639 2640 785 2715 Euphorbo
808 2641 841 2697 ad
856 2641 1010 2705 Homerum,
1028 2640 1060 2698 de
1076 2641 1193 2698 Homero

113 2732 203 2782 autem
224 2725 259 2781 ad
281 2725 404 2783 linnium.
538 2728 575 2783 14
598 2741 650 2782 nec
671 2727 694 2782 si
715 2725 856 2783 humilium
879 2726 934 2782 nati
955 2726 1093 2782 extiterint
1112 2725 1194 2782 locu·

113 2809 256 2885 pletiores,
290 2809 390 2868 idcirco
419 2812 515 2869 damno
543 2809 689 2866 comminui
714 2821 881 2867 senectutem
903 2811 1061 2868 desiderem.
1105 2810 1194 2867 solent

113 2895 184 2952 enim
212 2894 263 2951 sibi
291 2905 386 2971 optare
414 2905 528 2953 mortem
550 2893 569 2950 ii
594 2894 641 2966 qui
668 2895 803 2952 minorum
831 2895 1007 2953 substantiam
1036 2895 1193 2953 crementari

112 2981 210 3046 vident,
235 2997 269 3037 ne
290 2997 360 3055 quos
383 2982 509 3046 oderunt,
532 2977 624 3035 felices
645 2979 761 3035 videant.
829 2984 864 3039 17
890 2981 979 3038 solent
1000 2981 1071 3037 avari
1085 2981 1192 3054 signum

111 3067 139 3123 in
162 3067 230 3124 vasis
253 3067 360 3124 vinariis
381 3083 485 3141 ponere
507 3072 535 3121 et
555 3063 594 3119 sic
615 3061 757 3138 diligenter
773 3065 901 3138 aspicere,
925 3075 956 3123 ut
970 3068 1064 3123 oculos
1079 3067 1192 3140 propius

111 3153 277 3210 admovendo
301 3169 331 3208 ea
352 3167 420 3209 naso
444 3156 564 3223 tangant.
660 3151 697 3209 18
721 3149 857 3207 dissentiat
878 3151 919 3207 his
940 3151 1022 3208 rebus
1043 3167 1059 3206 a
1080 3167 1123 3207 me
1145 3153 1192 3224 qui

111 3238 182 3305 vult,
212 3237 326 3313 prodige
347 3237 388 3293 vel
417 3236 533 3293 tenuiter
553 3232 632 3290 vivat.
718 3233 781 3291 licet
801 3235 954 3310 horoscope
976 3235 1026 3292 sub
1050 3252 1104 3292 una
1125 3235 1191 3292 hora

112 3324 233 3398 geminos
263 3322 413 3396 producas,
444 3317 615 3377 dissimilibus
643 3327 732 3375 tamen
755 3318 816 3377 latis
839 3330 866 3378 et
887 3320 1071 3378 voluntatibus
1094 3336 1141 3378 eos
1163 3321 1190 3376 in

112 3409 192 3465 vitam
216 3407 307 3464 trahis.
397 3408 435 3464 19
458 3405 523 3462 solis
545 3403 687 3460 natalibus.
708 3421 816 3461 avarum
840 3405 979 3480 significat,
1003 3407 1049 3480 qui
1072 3414 1191 3463 tantum·

112 3493 195 3549 modo
220 3491 314 3548 diebus
335 3490 411 3548 lestis
434 3490 523 3548 caules
545 3487 606 3545 oleo
630 3499 727 3546 unctos
748 3499 847 3563 putans
869 3491 976 3548 delicias
999 3491 1123 3550 comedit.

199 3703 295 3758 thuni
315 3711 339 3754 α
426 3705 528 3769 portum
548 3710 607 3768 ap:
626 3704 752 3769 praetium
769 3707 793 3756 P
875 3719 1032 3771 cognoscere
1049 3709 1073 3758 P
1159 3709 1188 3760 11

112 3774 203 3842 quinto
225 3773 363 3826 Charisius
377 3787 406 3837 p.
426 3770 460 3823 98
546 3785 681 3838 pauonep
701 3773 852 3824 Charisius:
871 3786 998 3840 pauonem
1019 3776 1073 3825 αΡ
1158 3776 1189 3826 12

111 3841 184 3908 uulgi
203 3849 248 3909 etp
321 3844 352 3894 14
370 3838 497 3908 pinguior,
516 3839 564 3890 etsi
583 3839 665 3904 uolgo
741 3843 773 3894 15
792 3841 860 3893 horti
879 3843 934 3892 αΡ
1000 3845 1031 3896 16
1051 3842 1107 3894 obit
1125 3842 1189 3893 etP:

111 3910 224 3976 ohidp
315 3913 421 3963 untoa
527 3909 558 3960 18
576 3916 693 3960 ucrroet
800 3913 831 3963 19
849 3910 993 3976 ingenioP
1060 3911 1193 3978 esqniP

108 3996 179 4031 corr.
190 3995 215 4045 p
