2528 4364
107 185 146 242 66
179 160 181 162 ’
557 185 732 239 rvraulns

5 361 87 439 ,dm
105 360 180 419 haec
203 376 258 436 ego
282 377 344 419 non
368 359 485 418 credam
508 357 658 418 Venusina
682 357 769 436 digna
792 355 936 417 lucerna?
1075 420 1077 425 ,

5 443 84 537 ff
106 445 178 504 baec
202 462 256 522 ego
281 462 342 503 non
367 441 496 521 agitem?
519 444 568 517 sed
593 442 662 520 quid
686 440 800 520 magis?
824 442 979 519 Heracleas
999 422 1137 486 ΨΜ
1157 427 1194 484 'l‘

107 536 157 590 aut
179 528 351 588 Diomedeas
373 537 423 588 aut
444 528 591 605 mugitum
615 526 773 606 labyrinthi
1179 604 1180 609 η

5 632 50 656 w
107 623 136 674 et
157 632 238 673 mare
260 631 435 691 percussum
458 631 551 691 puero
574 611 751 690 fabrumque
773 597 1159 716 volantem,datach-2?·¹
1189 656 1200 687 a

96 717 173 765 tcum
198 698 265 758 leno
288 697 412 776 accipiat
433 697 549 757 moechi
571 697 661 770 bona,
684 697 708 756 si
731 695 867 774 capiendi
935 674 1010 722 mm
1083 677 1215 757 'widh

106 785 152 844 ius
175 783 288 842 nullom
311 783 406 854 uxori,
430 781 535 842 doctus
557 789 692 860 spectare
714 781 845 854 lacunar,

106 870 210 930 doctus
233 877 262 928 et
284 868 320 927 ad
342 867 462 927 calicem
484 866 615 944 vigilanti
638 874 763 926 stertere
786 863 897 926 naso‘l)

5 1028 6 1037 χ
106 972 173 1014 cum
196 954 240 1013 fas
261 971 325 1012 esse
346 959 432 1047 putpt
455 969 554 1011 curam
577 968 697 1030 sperare
720 950 850 1011 cohortis
893 957 1038 1083 m

106 1039 157 1117 qui
179 1038 257 1115 bona
280 1036 400 1097 donavit
421 1035 612 1114 praesepibus
635 1043 666 1095 et
688 1043 768 1096 caret
790 1035 871 1095 omni
1042 1048 1076 1070 0·

105 1124 250 1183 maiorum
275 1140 376 1193 censu,
400 1120 470 1180 dum
494 1120 626 1199 pervolat
648 1139 700 1179 axe
723 1119 811 1180 citato
1151 1129 1181 1179 66

105 1207 280 1267 Flaminiam
303 1224 378 1283 puer
400 1202 610 1266 Automedon?
633 1223 701 1264 nam
723 1204 786 1264 lora
809 1203 930 1265 tenebat

36 1355 42 1364 ,
107 1293 179 1371 ipse,
202 1292 368 1351 lacernatae
390 1308 456 1350 cum
481 1309 512 1350 se
534 1291 656 1350 iactaret
678 1289 797 1350 amicae.

8 1345 84 1399 Η*
107 1395 209 1454 nonne
232 1376 303 1458 libet
325 1375 422 1435 medio
445 1393 528 1436 ceras
550 1374 666 1453 inplere
689 1392 811 1454 capaces
862 1422 865 1429 .
931 1396 1106 1459 „gfff-

5 1494 14 1515 ι
108 1461 269 1543 quadrivio,
293 1479 361 1521 cnm
384 1460 441 1520 iam
464 1467 544 1520 serta
567 1459 681 1536 corrice
704 1428 946 1529 feraturffl
961 1451 970 1490 ¹'
984 1453 1097 1534 fmus.

106 1546 177 1606 binc
199 1554 287 1624 atque
309 1545 378 1605 inde
400 1553 506 1625 patens
528 1562 562 1605 ac
584 1543 945 1629 sufflamecatbedra
960 1550 1050 1646 “m
1072 1605 1076 1611 ,
1151 1553 1180 1602 65

10 1620 62 1705 lul
107 1639 136 1691 et
158 1631 281 1691 multum
304 1631 439 1691 referens
461 1631 497 1691 de
520 1630 690 1709 Maecenate
712 1629 820 1713 supino
835 1622 967 1679 vestie<
1040 1622 1113 1645 ‘'⁴⁰‘'

5 1733 88 1800 mesa
107 1716 238 1797 signator
258 1715 333 1794 [alsi
358 1716 408 1794 qui
431 1734 462 1776 sc
485 1715 595 1796 lautum
619 1724 707 1793 atque
729 1713 850 1774 beatum
883 1686 1069 1813 phalam
1087 1716 1237 1768 effluo.

5 1792 53 1842 '¹³²⁴
108 1803 219 1879 exiguis
241 1801 348 1861 tabulis
371 1808 401 1860 et
423 1818 537 1878 gemma
559 1799 663 1859 fecerit
684 1796 763 1869 udal
779 1796 883 1851 uniat
899 1805 987 1847 M.
1083 1827 1105 1849 .-

5 1867 93 1967 ih
107 1887 238 1947 occurrit
259 1893 395 1956 matrona
413 1893 534 1962 potens,
559 1902 633 1962 quae
656 1882 744 1942 molle
768 1882 909 1968 Calenum
939 1883 1035 1941 m
1061 1877 1204 1971 ἐμώ

105 1980 280 2050 porrectura
302 1969 364 2028 viro
388 1969 492 2029 miscet
513 1967 631 2028 sitiente
653 1967 788 2027 rubetam
1151 1977 1179 2026 to

18 2101 180 2200 ima*
194 2143 230 2197 51
256 2140 393 2195 lucernam
414 2138 473 2194 ideo
496 2139 574 2204 dicit,
604 2139 666 2212 quia
695 2138 791 2195 satirici
820 2139 853 2194 ad
876 2139 995 2195 omnium
1017 2137 1079 2194 vitia
1105 2139 1180 2212 quasi

105 2224 243 2281 lucernam
265 2223 415 2287 admovent,
439 2232 466 2279 et
487 2223 528 2280 vel
551 2225 667 2280 adurunt
689 2223 729 2280 vel
753 2224 900 2280 ostendunt
916 2223 1026 2280 crimina
1041 2240 1110 2297 quae
1125 2240 1180 2280 no-

106 2317 211 2366 verunt.
299 2308 432 2365 Venusina
454 2318 543 2366 autem
564 2309 634 2372 ideo,
659 2310 719 2383 quia
742 2310 808 2366 haec
829 2308 879 2364 luit
901 2309 992 2364 civitas
1015 2308 1126 2365 Horatii.

185 2389 362 2452 ‘Venusinam
386 2413 400 2452 a
423 2394 537 2451 Venusia
560 2394 607 2452 ubi
627 2394 746 2451 laternae
767 2395 838 2451 leves
865 2393 991 2458 luerunt,
1020 2401 1052 2449 ut
1074 2392 1180 2451 Probus

105 2480 201 2555 inquit,
226 2497 294 2555 quae
317 2480 434 2537 vilissimi
456 2466 609 2538 veniebant²
639 2479 731 2538 Vallo.
831 2479 870 2536 52
893 2495 1049 2552 persequar,
1071 2488 1103 2535 ut
1117 2479 1180 2534 Vir-

106 2566 183 2640 gilius
207 2566 287 2640 [Aen.
305 2569 333 2632 5,
350 2565 424 2641 265]
441 2559 589 2640 ‘pallentes
612 2566 694 2624 Troas
716 2551 831 2639 agebat'.
942 2566 979 2622 53
1004 2564 1092 2620 socios
1113 2565 1180 2620 llio-

105 2650 189 2706 medis
210 2653 237 2707 in
259 2668 320 2707 aves
343 2668 498 2708 conversos.
597 2653 635 2710 55
659 2651 682 2707 si
703 2650 857 2707 facultatem
878 2649 988 2704 maritus
1011 2664 1065 2704 non
1089 2649 1179 2715 habet,

106 2741 138 2790 ut
159 2733 341 2806 deprehendat
362 2735 517 2809 spoliandos
539 2735 692 2801 adulteros,
716 2736 778 2809 quia
800 2742 865 2790 nota
887 2741 929 2790 est
950 2734 1007 2791 eius
1029 2732 1111 2797 fraus,
1136 2742 1180 2791 ta-

105 2834 167 2874 men
191 2819 368 2874 coniventiam
390 2837 465 2876 suam
484 2820 610 2877 adulteris
631 2819 730 2876 vendit.
754 2826 782 2876 et
803 2819 841 2875 sic
862 2818 1042 2893 intellegitur:
1066 2820 1089 2875 si
1110 2836 1180 2875 uxor

106 2903 162 2960 eius
186 2902 243 2958 iure
264 2902 424 2976 impediatur
445 2904 567 2961 adultero
588 2905 744 2968 succedere,
766 2903 824 2977 ipse
845 2903 955 2960 maritus
976 2903 1038 2960 leno
1061 2904 1181 2960 succedit

105 2988 227 3044 adultero
254 2987 346 3052 lieres,
375 2998 407 3045 ut
434 3006 483 3062 per
511 2987 744 3045 fideicommissum
770 3006 813 3045 res
841 2989 955 3046 adulteri
976 2989 1009 3045 ad
1031 2989 1180 3046 adulteram

105 3074 222 3132 veniant.
310 3074 349 3131 56
371 3083 403 3129 ut
425 3074 512 3129 carius
534 3073 631 3130 vendat
652 3072 822 3137 adulterium,
846 3091 973 3147 praesens
995 3083 1045 3130 est.

192 3159 231 3218 58
255 3174 346 3215 curam
368 3174 476 3233 sperare
498 3158 628 3214 cohortis.
650 3158 762 3214 militum
784 3157 960 3216 tribunatum.
1048 3161 1086 3217 59
1110 3174 1179 3233 pro-

104 3253 165 3318 pter
188 3261 272 3319 equos
293 3243 346 3300 hoc
367 3243 433 3300 dixit
454 3252 481 3300 et
504 3259 534 3299 ea
557 3261 586 3300 re
607 3243 740 3299 Neronem
762 3245 854 3318 tangit.
944 3245 981 3301 61
1009 3245 1180 3309 Automedon

105 3346 156 3402 pro
179 3330 281 3403 auriga.
405 3330 444 3386 62
468 3327 583 3386 satirico.
606 3345 667 3384 nam
688 3328 781 3386 habitu
803 3329 870 3385 virili
892 3328 1017 3386 feminam
1040 3328 1178 3386 describit.

193 3417 232 3473 64
253 3414 294 3471 bis
317 3413 398 3472 rebus
421 3414 570 3472 concitatus
592 3424 685 3489 posset
706 3423 734 3471 et
755 3414 781 3470 in
804 3414 913 3488 publico
935 3414 1063 3471 scrihere.

107 3499 146 3554 68
169 3496 345 3556 fecerituda.
373 3501 453 3557 saliva
481 3508 549 3558 tacta
579 3508 693 3574 propter
721 3499 849 3573 signaculi
878 3499 1091 3572 impressionem.

107 3584 145 3639 70
170 3581 265 3639 rubeta
287 3602 352 3641 rana
374 3595 424 3651 est,
448 3604 480 3644 ex
501 3586 576 3643 cuius
599 3584 772 3660 pulmonibus
787 3585 829 3642 vel
843 3585 973 3658 sanguine
989 3583 1019 3641 fit
1033 3600 1177 3642 vencnum.

192 3730 224 3781 52
243 3729 385 3783 berculeias
402 3731 502 3800 focitp
617 3735 648 3786 55
668 3732 703 3783 sit
720 3731 837 3800 capiendi
855 3733 923 3798 Ppr.
1028 3732 1060 3784 63
1079 3729 1178 3782 Nonme

105 3797 171 3863 Ppr.
293 3799 325 3850 67
344 3799 402 3851 salsi
415 3803 478 3853 Poe
493 3801 613 3868 uidetur,
640 3800 706 3853 falso
723 3817 751 3866 p,
771 3806 827 3852 tum
844 3815 940 3850 rursus
957 3802 1034 3865 apice
1051 3800 1177 3865 irnpoeito

105 3865 709 3934 665665σωί551.8155515151551115656555
780 3870 812 3921 66
830 3868 960 3934 leceratp
1040 3868 1072 3919 69
1092 3881 1179 3919 occur·

104 3938 144 3986 rat
162 3933 334 3985 Heinricbim
404 3939 437 3989 te
454 3938 547 3990 rubele't
565 3940 593 4003 P,
613 3937 738 3989 lincolam
756 3936 919 4004 superducit
935 3937 1031 3988 iamP
1061 3937 1145 4002 pinor

44 4002 266 4117 Cadme
331 4019 446 4090 Istum
481 4046 595 4092 Μ
633 3996 905 4089 &lemtim
944 4033 1024 4138 νυκῖ
1124 3998 1225 4063 ··’“Ἷ

74 4316 213 4335 ..emh-'n
