2528 4364
134 201 175 262 36
621 197 726 251 PERSll

137 374 318 453 nequiquam
341 372 453 451 populo
476 370 592 432 bibulas
614 370 770 431 donaveris
792 387 888 431 aures.

138 476 247 537 respue
270 458 350 536 quod
373 476 434 517 non
458 475 498 531 es,
522 456 606 517 tollat
628 474 679 517 sua
703 473 828 516 munera
851 454 952 515 cerdo.

136 555 236 605 tecum
258 543 373 604 habita:
397 541 480 603 noris
502 559 591 620 quam
613 541 652 602 sit
674 541 726 601 tibi
749 548 832 600 curta
856 540 999 619 supellex.

657 777 685 845 V

139 913 260 976 Vatibus
281 914 330 974 hic
352 931 417 974 mos
440 921 495 987 est,
517 921 638 975 centum
661 913 717 974 sibi
739 930 863 992 poscere
884 929 982 983 voces,

139 1008 260 1061 centum
283 1017 335 1058 ora
358 1006 388 1058 ct
410 999 525 1077 linguas
548 1008 650 1078 optare
673 998 704 1058 in
728 998 859 1058 carmina
882 1005 1012 1069 centum,

140 1085 241 1145 fabula
262 1103 316 1144 seu
338 1091 449 1145 maesto
471 1092 601 1163 ponatur
622 1083 729 1144 hianda
752 1082 904 1162 tragoedo,

72 1193 75 1197 ·
140 1170 263 1230 vulnera
286 1186 338 1229 seu
361 1168 461 1229 Parthi
484 1169 619 1230 ducentis
642 1169 677 1228 ab
700 1168 825 1248 inguine
847 1167 969 1227 ferrum.

138 1248 296 1333 ‘quorsum
319 1251 415 1313 haec?
437 1263 487 1314 aut
509 1263 634 1332 quantas
656 1253 772 1315 robusti
795 1251 934 1313 carminis
956 1250 1029 1311 ollas
1209 1263 1222 1312 t

139 1339 259 1419 ingeris,
282 1346 316 1399 ut
338 1356 392 1417 par
414 1338 452 1399 sit
474 1349 603 1399 centeno
626 1346 744 1419 gutture
767 1335 845 1398 niti‘l

140 1425 253 1504 grande
275 1423 404 1484 locuturi
427 1422 550 1485 nebulas
572 1424 717 1484 Helicone
739 1423 873 1501 legunto,

140 1509 165 1570 si
189 1508 297 1587 quibus
319 1516 369 1569 aut
391 1509 523 1569 Procnes
545 1517 595 1570 aut
617 1510 642 1570 si
665 1508 775 1588 quibus
798 1508 855 1568 olla
878 1506 1024 1585 Thyestae

140 1697 269 1755 facientes
293 1705 394 1771 cogunt
416 1699 559 1755 memorari
582 1696 726 1754 debitores.
801 1700 838 1754 51
864 1694 994 1751 barbarus
1016 1692 1061 1749 ille
1082 1694 1222 1767 imperitus

141 1784 231 1839 nescio
256 1784 316 1858 quis
339 1800 371 1839 ex
392 1782 496 1857 populo
525 1782 576 1839 sibi
597 1782 706 1855 habeat,
734 1781 808 1856 quod
837 1788 864 1836 te
885 1779 986 1836 laudat.
1030 1785 1077 1834 aut
1096 1795 1171 1835 unus
1193 1796 1223 1836 ex

139 1868 242 1941 vicinis,
264 1885 345 1943 quem
366 1867 522 1942 alloquitur,
546 1866 642 1924 habeat
663 1866 759 1923 falsum
781 1865 972 1922 testimonium.
1015 1881 1065 1938 per
1080 1864 1223 1921 cerdonem

139 1953 272 2027 plebeiam
294 1952 402 2009 turbam
424 1952 565 2024 significat.
609 1953 645 2008 ita
667 1951 786 2025 populus
809 1951 895 2007 dictus
918 1943 1062 2011 einbach
1087 1948 1223 2028 κέρδους

139 2038 167 2093 id
189 2047 232 2094 est
254 2055 268 2093 a
289 2037 377 2093 lucro.
466 2038 504 2093 52
528 2036 666 2092 translatio
690 2034 723 2092 ab
747 2045 912 2109 angustare
937 2034 1067 2091 familiari.

225 2122 248 2177 V
274 2124 287 2178 1
313 2121 382 2176 hanc
413 2120 521 2176 satiram
550 2121 642 2178 scribit
670 2122 704 2178 ad
727 2121 886 2178 Cornutum.
930 2122 1033 2195 inqua
1062 2135 1109 2175 eos
1133 2119 1224 2193 culpat

141 2214 244 2279 poetas,
269 2206 315 2280 qui
338 2203 428 2261 solent
448 2206 480 2262 ad
503 2207 622 2262 ornanda
644 2223 693 2262 sua
714 2208 839 2270 carmina,
864 2216 999 2280 tamquam
1020 2205 1074 2261 sint
1091 2204 1184 2278 gravia
1198 2215 1224 2260 et

140 2289 273 2363 difficilia,
302 2299 410 2347 centnm
431 2289 537 2366 linguas
561 2300 589 2348 et
610 2301 718 2349 centum
740 2309 821 2349 voces
844 2308 1004 2365 exposcere,
1033 2289 1224 2365 quodcumque

142 2392 211 2449 opus
243 2376 326 2433 velint
358 2376 491 2442 scrihere,
522 2377 577 2434 sive
605 2377 674 2434 bella
696 2378 751 2434 sive
772 2377 933 2451 tragoedias.
978 2375 1042 2432 dicit
1063 2383 1155 2432 autem
1176 2373 1224 2431 sihi

138 2461 170 2518 iis
192 2461 304 2518 vocibus
327 2478 397 2535 opus
419 2479 475 2519 non
498 2462 629 2536 esse‚'uti
651 2463 698 2537 qui
718 2463 832 2519 mediam
855 2462 972 2518 otvilem
987 2460 1223 2527 satiric'tearminis

139 2547 278 2604 materiam
300 2546 402 2605 scribit.
446 2547 622 2622 superciliosa
643 2556 767 2622 poemata
793 2545 973 2604 scribentibus
995 2562 1054 2602 mos
1077 2553 1120 2602 est
1141 2545 1224 2603 lorsi-

139 2641 186 2688 tan
208 2633 279 2689 intra
302 2650 331 2689 se
354 2641 447 2706 optare
469 2634 529 2699 hoc,
559 2634 728 2708 alioquinin
751 2632 827 2690 nullo
852 2632 999 2689 carminum
1021 2639 1151 2688 notorum
1172 2630 1224 2688 tale

141 2725 234 2771 votum
255 2725 304 2782 est,
328 2719 375 2773 sed
398 2726 503 2775 tantum
525 2718 674 2792 hyperbole
697 2727 747 2774 est.
815 2720 832 2776 3
856 2717 963 2774 hianda.
986 2733 1000 2772 a
1022 2716 1095 2773 vocis
1118 2716 1224 2790 magni-

140 2798 235 2856 tudine
263 2800 305 2857 vel
336 2801 389 2856 oris
412 2802 576 2859 diductione.
605 2803 647 2859 vel
669 2802 749 2859 etiam
771 2801 804 2858 ab
826 2801 918 2859 habitu
941 2818 1134 2877 personarum,
1159 2818 1224 2877 quas

140 2886 227 2941 acturi
254 2884 397 2958 accipiunt.
528 2889 547 2943 4
570 2886 721 2961 specialiter
748 2887 840 2943 Parthi
862 2889 971 2945 nomine
992 2905 1057 2945 usus
1081 2896 1136 2953 est,
1165 2903 1224 2944 cum

142 2969 302 3043 generaliter
332 2969 460 3027 barbaros
489 2970 629 3044 significet.
659 2972 711 3028 hoc
740 2980 767 3028 et
789 2972 915 3030 Horatius
938 2973 974 3030 ait
996 2972 1156 3048 [sat.2,1,
1177 2969 1224 3046 15]

143 3049 208 3111 ‘aut
229 3053 344 3112 labentis
372 3072 442 3130 equo
472 3057 613 3130 descripsit
639 3055 749 3113 vulnera
778 3053 889 3115 Parthi'.
1021 3059 1169 3117 8Proene
1191 3055 1224 3115 ob

141 3150 268 3214 stuprum
288 3140 405 3205 sororis,
436 3142 510 3215 quod
532 3159 547 3198 a
568 3140 665 3198 marito
691 3150 732 3198 est
754 3159 916 3218 compressa,
941 3142 1035 3200 dolens
1057 3142 1128 3199 filios
1149 3159 1223 3208 suos,

142 3242 212 3300 quos
243 3227 276 3283 de
305 3226 390 3282 Tereo
421 3226 518 3282 marito
547 3225 655 3292 habuit,
690 3227 788 3285 occidit
818 3230 896 3304 cique
918 3228 1066 3303 epulandos
1089 3228 1225 3303 apposuit.

142 3311 263 3369 similiter
285 3319 313 3367 et
334 3314 432 3367 Atreus
454 3312 575 3386 Thyestis
607 3312 698 3370 fratris
729 3313 799 3371 filios
828 3313 964 3372 interiecit
984 3322 1130 3389 propterea
1153 3313 1225 3388 quod

144 3394 200 3452 eius
222 3397 314 3454 uxoris
338 3395 469 3454 adulterio
492 3396 628 3463 utebatur,
652 3400 724 3456 etei
747 3399 779 3457 de
799 3399 862 3457 filiis
884 3401 940 3457 suis
963 3399 1055 3475 epulas
1077 3417 1225 3475 praepara-

141 3478 189 3536 vit.
213 3482 259 3555 qui
287 3485 387 3538 Atreus
416 3480 513 3538 babere
539 3483 683 3563 'dicebatur
716 3501 816 3558 agnum
849 3486 992 3560 purpureis
1018 3485 1170 3553 velleribus,
1194 3485 1226 3542 de

145 3579 200 3636 quo
230 3565 339 3623 oraculo
369 3583 530 3641 responsum
556 3568 645 3628 fuerat
673 3578 726 3627 tam
748 3571 793 3628 diu
815 3572 1022 3645 imperaturum,
1045 3573 1133 3630 donec
1155 3577 1226 3629 esset

193 3748 226 3798 50
244 3745 382 3800 uibulasP
460 3752 491 3802 bt
512 3748 664 3817 Respuata
729 3753 836 3803 estetP
906 3754 938 3804 52
952 3753 1039 3805 habita
1051 3756 1080 3804 ut
1092 3751 1163 3805 noris
1177 3759 1223 3818 ap

230 3811 304 3866 Vad
326 3815 475 3883 magistrum
499 3819 617 3886 equitum
641 3820 779 3872 cornutum
803 3822 828 3871 P
912 3823 928 3872 4
951 3821 1018 3888 parti
1040 3821 1064 3871 1’
1087 3819 1178 3888 parchi
1202 3825 1226 3871 α
1254 3884 1257 3888 ¹

196 3883 357 3936 5carminur
384 3881 448 3937 offas
475 3892 500 3936 α
638 3887 699 3941 8δί
723 3888 797 3956 quib;
825 3887 850 3938 P
871 3904 942 3942 corr.
960 3887 1076 3950 fortasse
1103 3905 1139 3942 aa·
1166 3888 1225 3958 quis

228 3965 338 4018 procnes
356 3959 380 4004 α
397 3968 524 4022 progener
540 3956 565 4007 P
