2528 4364
518 201 650 256 SATVRA
667 200 689 254 ll

67 380 159 440 lunde
182 396 295 439 merum
319 376 416 455 genio.
462 394 521 436 non
546 385 580 435 ιιι
602 393 690 453 prece
714 374 811 453 poscis
833 372 935 445 emaci,

69 483 145 543 quae
167 464 223 525 nisi
246 462 374 524 seductis
396 479 527 538 nequeas
550 461 734 521 committere
755 460 837 520 divis.

70 549 199 610 atbona
220 566 290 644 pars
311 564 471 627 procerum
493 546 580 606 tacita
602 545 705 605 libabit
725 563 836 606 acerra.
1127 549 1142 599 5

68 636 141 695 haut
162 634 252 694 cuivis
274 641 445 712 promptum
468 640 514 691 est
534 649 728 726 murmurque
748 628 933 707 humilesque
955 642 1095 687 susurros

69 720 174 780 tollere
196 718 266 778 det
254 717 372 796 templis
393 725 424 777 et
444 725 548 816 aperto
570 716 666 776 vivere
688 724 765 776 vnto.

66 798 166 865 ‘mens
187 804 275 877 bona,
297 803 384 875 lama,
406 792 485 862 fides’
511 801 584 862 haec
606 800 683 861 clare
706 809 736 860 et
758 809 790 860 ut
811 798 911 860 audiat
933 797 1056 876 hospes:

71 890 120 950 illa
142 889 198 950 sibi
220 889 383 949 introrsum
406 896 436 947 et
458 886 512 948 sub
535 886 635 965 lingua
657 893 823 945 murmurat
841 877 873 944 ‘o
896 884 921 945 si

71 974 191 1036 ebulliat
212 983 344 1053 patruus,
367 972 551 1052 praeclarum
574 963 680 1032 lunus'
707 979 735 1031 et
753 962 834 1030 ‘osi
1118 971 1146 1024 to

72 1060 128 1121 sub
150 1068 246 1120 rastro
269 1067 371 1136 crepet
393 1057 506 1137 argenti
530 1057 602 1116 mihi
624 1056 700 1117 seria
723 1055 826 1116 dextro

72 1144 210 1206 Hercule.
243 1143 425 1223 pupillumve
446 1143 570 1215 utimm,
593 1160 691 1220 quem
705 1140 858 1218 proximus
879 1138 967 1198 heres

72 1230 195 1310 inpelle,
218 1246 395 1309 expungam,
417 1245 486 1288 nam
509 1237 539 1288 et
560 1236 606 1288 est
627 1226 779 1288 scabiosus
801 1233 831 1286 et
852 1221 913 1284 acri

75 1412 118 1459 est
131 1413 220 1459 autem
235 1400 279 1455 bic
294 1417 389 1457 sensus
404 1400 473 1457 etin
487 1398 597 1456 Horatio
619 1397 674 1472 [od.
694 1402 720 1464 1,
738 1401 788 1462 36,
808 1389 896 1470 10]:‘
904 1395 996 1452 Cressa
1012 1408 1046 1449 ne
1060 1396 1150 1448 careat

75 1486 189 1560 pulchra
211 1485 267 1541 dies
289 1479 375 1541 nota?
472 1482 619 1556 alloquitur
640 1483 793 1546 Macrinum,
816 1481 952 1538 hominem
974 1495 1039 1535 sane
1061 1475 1173 1533 erudi·

76 1581 134 1627 tum
158 1578 185 1626 et
199 1578 312 1642 paterno
335 1586 364 1625 se
386 1566 483 1624 aflectu
499 1567 660 1641 diligentem,
684 1567 779 1641 quiin
800 1567 880 1623 domo
896 1563 999 1622 Servilii
1014 1561 1149 1622 didicerat,

76 1673 92 1713 a
114 1672 168 1730 quo
191 1653 306 1728 agellum
328 1660 527 1727 comparaverat
547 1651 652 1709 indulto
668 1651 716 1707 sibi
732 1653 819 1726 pretio
835 1651 983 1724 aliquanto.
1055 1648 1073 1704 3
1094 1661 1151 1701 non

75 1749 122 1805 tu,
151 1741 255 1814 inquit,
285 1755 315 1795 aa
336 1737 425 1812 poscis
448 1738 530 1794 emaci
551 1753 647 1832 prece,
677 1753 746 1811 quae
774 1737 825 1793 nisi
851 1742 956 1791 secreto
987 1732 1074 1806 optari
1095 1746 1151 1786 nnn

75 1833 192 1900 possunt
219 1831 332 1898 propter
361 1823 589 1896 turpitudinem'
582 1821 665 1896 ipsius
693 1821 762 1887 voti3
794 1822 840 1877 sed
868 1819 913 1875 illa
939 1818 1040 1874 scilicet
1061 1825 1152 1889 aperte

75 1911 154 1985 petis,
179 1926 248 1984 quae
269 1908 356 1965 bonae
376 1908 439 1964 fidei
460 1916 533 1964 sunt.
578 1916 605 1964 et
626 1908 774 1964 notandum
791 1922 871 1980 prece
886 1920 998 1961 numero
1014 1900 1150 1975 singulari,

76 2005 107 2053 ut
129 1995 254 2051 Horatius
284 1993 340 2069 [od.
367 1998 399 2058 1,
424 1994 459 2060 2,
484 1981 578 2066 26]‘
580 2009 662 2068 prece
690 2009 744 2067 qua
776 1990 891 2087 latigent
917 1988 1033 2063 virgines
1062 2003 1153 2043 sacrae

77 2081 165 2137 minus
187 2074 365 2137 audientem'.
474 2081 492 2136 4
516 2077 576 2152 quia
599 2086 696 2152 putant
722 2077 801 2150 impia
824 2075 993 2150 postulantes
1013 2067 1153 2147 promissis

78 2166 148 2222 votis
176 2166 288 2222 deorum
313 2164 445 2221 redimere
472 2163 633 2220 voluntates.
744 2166 760 2221 5
789 2178 895 2226 acerra,
923 2168 1015 2234 patera
1044 2157 1072 2213 in
1101 2173 1155 2231 qua

78 2251 188 2308 libatur.
241 2249 373 2324 Vergilius
405 2247 483 2323 [Aen.
515 2251 543 2311 5,
579 2242 688 2322 745]ζ
696 2258 723 2305 et
755 2247 835 2321 plena
864 2245 977 2320 supplex
1011 2252 1155 2300 veneratur

80 2323 197 2393 acerra&
241 2344 288 2392 aut
309 2351 398 2392 acerra
421 2351 482 2390 arca
503 2335 581 2391 turis.
633 2333 713 2390 tacita
734 2349 825 2389 acerra
848 2341 936 2388 antem
959 2330 996 2385 ait
1017 2346 1066 2403 pro
1089 2327 1155 2402 ipsis

80 2421 177 2484 tacitis,
200 2420 247 2494 qui
267 2420 328 2476 ideo
350 2420 438 2493 palam
460 2436 516 2475 non
539 2426 632 2484 orant,
662 2436 697 2475 oe
718 2419 808 2492 iniqua
831 2433 925 2474 eorum
947 2415 1040 2510 petitio
1063 2413 1157 2469 audia-

82 2515 138 2560 tur.
249 2507 286 2561 10
308 2503 459 2578 hypallage.
502 2520 557 2559 non
586 2502 753 2577 praeclarum
781 2504 879 2566 lunus,
910 2500 957 2556 sed
985 2499 1047 2573 quia
1075 2514 1156 2571 prae-

84 2588 181 2644 claram
202 2588 248 2643 dat
267 2587 451 2644 hereditatem.
495 2587 537 2643 vel
565 2589 730 2659 praeclarum
754 2588 836 2645 funus
858 2587 881 2642 si
903 2596 1016 2660 patruus
1038 2582 1155 2640 ebulliat.

85 2673 199 2729 ebullire
221 2681 309 2728 autem
330 2672 440 2747 proprie
463 2672 614 2746 exspirare,
636 2672 792 2747 metaphora
813 2681 921 2744 sumpta
942 2688 955 2726 a
979 2668 1065 2732 bulla,
1089 2685 1157 2742 quae

84 2757 174 2831 aliquo
196 2757 268 2814 venti
290 2768 383 2814 tenore
404 2766 578 2815 sustentatur.
622 2775 691 2832 quae
719 2757 807 2815 bullae
834 2775 894 2814 curn
923 2756 951 2812 in
981 2771 1048 2830 aqua
1077 2754 1155 2819 finnt,

85 2842 241 2900 cadentibus
264 2843 346 2914 guttis
367 2851 533 2916 rumpuntur
554 2852 581 2900 et
602 2843 723 2917 spiritum
747 2861 802 2918 quo
825 2843 1000 2900 continentur
1021 2840 1157 2897 emittunt.

85 2946 117 2985 ex
138 2945 192 3002 quo
215 2927 293 2984 etiam
315 2926 518 3002 proverbialiter
544 2929 641 2985 dicitur
659 2919 753 2986 ‘homo
776 2927 850 2986 bulla
872 2922 939 2986 est’.
1029 2929 1063 2983 11
1089 2925 1159 2981 seria

85 3014 187 3070 dolium
207 3012 287 3069 fictile
309 3013 467 3087 oblongum.
577 3016 614 3072 12
638 3032 692 3071 non
722 3016 815 3088 utique
837 3017 913 3071 cuius
935 3021 1011 3069 tutor
1033 3011 1081 3073 sit,
1111 3010 1158 3066 sed

84 3116 199 3173 puerum
221 3098 308 3155 adhuc
327 3100 398 3155 intra
419 3098 564 3173 pupillares
586 3115 670 3156 annos
693 3101 867 3156 constitutum
899 3109 925 3155 et
952 3096 1072 3153 nondum
1095 3111 1159 3152 suae

84 3183 200 3248 tutelae,
229 3183 305 3239 cuius
328 3185 463 3240 secundus
485 3184 562 3241 heres
584 3184 746 3242 substitutus
769 3194 825 3247 est,
854 3184 877 3241 si
899 3181 1035 3240 efferatur.
1079 3196 1158 3252 quem

85 3269 237 3326 scabiosum
251 3268 431 3343 biliosumque
446 3277 473 3326 et
486 3269 609 3326 vitiosum
624 3271 683 3327 ideo
700 3271 770 3335 dicit,
794 3280 928 3344 tamquam
950 3283 981 3323 ex
1002 3265 1055 3320 boc
1069 3273 1161 3337 speret

87 3354 200 3410 celerius
213 3354 392 3410 moriturum.
503 3357 540 3413 13
563 3365 678 3412 tractum
699 3373 714 3413 a
736 3355 878 3418 militibus,
903 3352 949 3426 qui
971 3349 1098 3424 expuncti
1120 3351 1160 3407 di·

88 3447 201 3505 cuntur,
226 3440 289 3495 dum
310 3438 383 3496 laras
405 3456 419 3494 a
441 3439 532 3497 militia
554 3441 723 3498 emittuntur.
787 3439 942 3512 metaphora
972 3453 987 3492 a
1016 3435 1102 3500 bello,
1131 3437 1160 3492 in

87 3540 143 3598 quo
166 3524 277 3580 cadente
298 3524 344 3597 qui
365 3524 467 3599 primus
487 3534 536 3589 est,
560 3526 775 3583 succenturiatur
789 3523 864 3580 alius.
907 3522 996 3580 itidem
1011 3521 1040 3577 in
1055 3523 1160 3596 stipen-

174 3690 306 3740 3murum
326 3695 349 3738 α
431 3688 545 3741 5ΑιιΡ
627 3688 760 3739 libauitP
842 3686 928 3741 cnut
946 3695 970 3738 α
1049 3698 1161 3737 murmur

89 3755 245 3822 humilisque
264 3763 288 3806 α
359 3760 373 3807 ‘l
392 3761 478 3823 aperte
497 3764 520 3807 α
538 3757 636 3823 aperito
654 3759 721 3822 Ppr.
793 3759 822 3807 10
840 3756 937 3808 Ebullit
956 3763 979 3806 α
984 3773 1003 3822 p
1022 3753 1125 3806 Ebullet
1142 3754 1161 3816 ς

174 3824 256 3890 patrui
277 3831 300 3874 α
318 3830 424 3891 patruae
439 3827 462 3875 P
476 3831 567 3891 patruo
583 3841 601 3890 p
620 3824 663 3875 uel
680 3824 778 3874 Ebullit
796 3825 880 3890 patrui
897 3841 993 3890 mergo
1011 3826 1035 3875 P

90 3897 160 3944 astro
178 3894 244 3958 Ppr.
319 3901 406 3958 crepat
430 3901 454 3944 α
525 3895 555 3945 12
575 3908 651 3959 quam
670 3899 694 3943 α
765 3895 795 3944 13
815 3903 947 3961 expungas
966 3900 989 3944 ct
1059 3904 1080 3943 ιιι

90 3966 130 4012 est
148 3968 185 4011 a:
204 3976 261 4011 nam
281 3963 361 4012 estl'
375 3976 485 4028 namque
503 3966 576 4026 estp
