2528 4364
552 212 686 266 snrvtta
703 215 714 267 l

92 386 244 447 dictarunt
265 383 430 466 proceres?
450 406 511 447 non
536 387 678 466 quidquid
701 387 829 466 denique
851 387 934 448 lectis

92 472 234 532 scribitur
255 472 286 532 in
310 470 433 532 citreis?
455 471 581 533 calidum
603 473 661 534 scis
683 492 795 552 ponere
817 491 932 547 sumen,

92 557 150 618 scis
174 558 312 618 comitem
333 554 518 618 horridulum
538 558 607 618 trita
628 557 740 618 donare
763 558 890 632 lacerna,

92 651 121 703 et
139 635 267 703 ‘verum'
289 642 389 721 inquis
406 635 497 716 camo,
520 661 620 703 verum
643 643 714 703 mihi
737 643 823 703 dicite
845 644 882 704 de
904 635 971 704 me'.
1135 655 1165 704 bb

93 728 144 805 qui
166 725 258 806 pote?
281 729 323 788 vis
345 726 464 787 dicam?
486 730 615 807 nugaris,
638 746 706 788 cum
728 727 791 801 tibi,
815 728 903 802 calve,

93 813 212 891 pinguis
234 811 417 891 aqualiculus
439 832 590 894 propenso
612 813 788 892 sesquipede
810 822 897 875 extet.

93 916 110 957 o
133 898 213 972 lane,
236 917 251 959 a
274 908 358 977 tergo
382 917 470 977 quem
494 899 574 958 nulla
597 898 712 959 ciconia
733 898 834 977 pinsit,

93 1001 149 1043 nec
173 1001 278 1044 manus
300 984 446 1044 auriculas
468 984 575 1044 imitari
598 983 715 1045 mobilis
739 983 827 1051 albas,

92 1086 148 1128 nec
171 1068 289 1147 linguae
312 1078 454 1147 quantum
478 1069 555 1130 sitiat
577 1070 658 1129 canis
680 1067 774 1147 Apula
796 1077 903 1129 tantae.
1097 1106 1098 1109 =
1139 1080 1169 1130 co

91 1172 153 1225 vos,
178 1173 195 1213 o
218 1154 359 1233 patricius
381 1154 511 1234 sanguis
535 1172 609 1232 quos
630 1155 727 1215 vivere
749 1154 791 1214 las
813 1163 858 1214 est

92 1238 210 1318 occipiti
233 1257 330 1313 caeco,
354 1240 486 1318 posticae
509 1238 657 1300 occurrite
679 1256 799 1302 sannae.

92 1410 231 1483 pristinam
260 1411 399 1467 sanitatem
428 1411 515 1468 redire
543 1412 657 1484 possint.
735 1412 834 1470 ebriam
863 1411 942 1474 dixit,
972 1410 1046 1483 quod
1074 1427 1168 1467 versus

93 1511 149 1550 non
171 1503 252 1557 stent,
276 1506 323 1552 aut
345 1497 417 1568 quod
440 1504 553 1569 propter
572 1495 712 1569 ingenium
735 1497 883 1554 ellebomm
906 1495 1003 1565 biberit
1024 1503 1052 1551 et
1073 1513 1169 1569 quam·

96 1596 178 1653 quam
200 1579 290 1636 ebrius
312 1580 406 1637 eodem
429 1588 517 1636 tamen
540 1580 605 1636 nihil
626 1579 774 1653 profecerit
794 1590 822 1639 et
843 1580 962 1638 elleboro
985 1588 1093 1653 sumpto
1108 1598 1168 1638 sae-

92 1664 153 1737 pius
175 1664 287 1739 perduci
310 1681 364 1720 non
388 1665 475 1737 possit
496 1665 528 1721 ad
550 1666 700 1722 sanitatem.
787 1668 825 1725 53
842 1667 938 1723 citrum
952 1666 1077 1721 Romanis
1092 1675 1170 1723 antee

90 1749 240 1822 pretiosum
262 1749 409 1807 notabatur
431 1757 460 1806 et
480 1766 546 1806 auro
569 1751 788 1826 comparandum.
886 1761 1040 1807 senatorum
1062 1751 1170 1824 quidam

92 1834 228 1891 habebant
249 1836 369 1910 spondas
391 1835 485 1892 citreas
508 1852 569 1892 cera
591 1834 688 1901 illitas,
710 1836 738 1891 in
761 1835 858 1910 quibus
880 1835 1033 1892 scribebant
1055 1836 1171 1892 carmina

92 1936 160 1993 quae
188 1929 269 1977 nocte
295 1920 460 1994 cogitabant.
567 1920 637 1978 belle
665 1921 748 1995 igitur
779 1929 807 1978 et
834 1938 902 1993 euge
926 1921 1070 1994 contigisse
1091 1938 1171 1993 saepe

91 2004 273 2078 locupletibus
303 2005 381 2071 dicit,
410 2005 457 2080 qui
486 2006 560 2063 crudi
589 2023 672 2080 super
700 2005 815 2063 lectulos
843 2006 942 2063 citreos
963 2007 1080 2062 iacentes
1102 2005 1171 2063 male

94 2089 216 2146 scribunt
237 2090 381 2148 oscitantes
402 2090 444 2147 vel
466 2090 578 2148 delicate
606 2108 637 2148 ac
664 2091 721 2148 sine
749 2108 824 2149 cura.
933 2095 972 2151 54
995 2089 1047 2147 seis
1068 2089 1171 2147 birrum

94 2176 213 2232 attritum
236 2177 325 2233 comiti
348 2177 512 2233 condonare.
599 2176 704 2233 lacerna
727 2176 837 2250 pallium
859 2175 1021 2233 fimbriatum
1036 2192 1090 2249 quo
1106 2175 1171 2233 olim

93 2259 146 2316 soli
165 2261 263 2318 milites
286 2260 449 2328 velabantur,
472 2261 586 2335 paenula
608 2270 696 2319 autem
719 2269 761 2319 est
781 2261 893 2336 pallium
908 2279 969 2318 oum
986 2260 1093 2317 fimbriis
1107 2261 1170 2318 lon-

93 2345 143 2418 gis.
252 2349 291 2404 56
314 2354 417 2403 tractus
446 2362 540 2404 sensus
571 2364 603 2403 ex
630 2364 731 2442 graeco.
749 2364 846 2410 versu,
875 2365 931 2421 quo
952 2347 1117 2419 significatur
1139 2364 1171 2403 ex

93 2438 187 2485 venue
209 2447 299 2486 crasso
322 2440 429 2487 munem
452 2448 560 2487 sensum
582 2449 639 2488 non
661 2431 734 2488 nasci
755 2425 885 2511 [γαστηρ
912 2443 1025 2508 παχεῖα
1050 2425 1170 2493 λεπτὸν

95 2534 136 2573 oo
157 2517 255 2575 τίκτει
278 2507 370 2591 νόον,
393 2514 494 2572 Nuuclt
516 2523 590 2586 trop.
611 2516 689 2588 sup
692 2516 875 2589 XV2]
912 2519 950 2574 58
974 2515 1052 2572 lanus
1074 2516 1171 2574 dicitur

95 2597 200 2654 bifrons
222 2616 291 2664 esse,
314 2601 361 2672 qui
383 2616 434 2656 neo
455 2601 556 2673 poterit
578 2600 690 2656 derideri
718 2617 769 2657 nec
797 2600 821 2656 ei
850 2617 865 2656 a
892 2609 970 2674 tergo
997 2617 1080 2656 sanna
1102 2600 1170 2658 fieri.

95 2683 197 2739 ciconia
218 2683 291 2749 dixit,
314 2685 378 2758 quia
398 2700 493 2740 manus
514 2683 604 2742 soient
624 2683 741 2742 formare
769 2685 896 2743 inrisores
924 2686 1026 2743 unitate
1054 2684 1170 2760 (collatis

95 2767 184 2840 digitis
205 2767 253 2844 ait)
275 2770 308 2826 ad
330 2769 485 2826 inferiorem
506 2779 609 2844 partem
635 2769 758 2827 inclinata
780 2772 813 2828 ad
835 2771 1034 2828 similitudinem
1056 2772 1172 2828 ciconini

94 2853 185 2910 rostri.
229 2853 320 2927 pinsit,
344 2855 449 2912 assidue
471 2855 617 2930 percussit,
647 2856 748 2913 dictum
775 2873 789 2912 a
817 2856 974 2930 pistoribus.
1082 2861 1120 2916 59
1144 2857 1171 2913 id

93 2936 196 2995 iaciunt
216 2939 340 3014 apposito
362 2939 528 3014 temporibus
550 2941 648 3015 pollice
669 2941 801 2998 imitantes
829 2959 906 3000 aures
934 2941 1001 2998 asini
1021 2940 1077 2998 aliis
1099 2942 1171 3015 digi-

94 3025 126 3080 tis
148 3024 223 3098 quasi
245 3041 356 3081 sannam
375 3023 515 3082 iacientes.
565 3025 638 3082 albus
661 3025 724 3084 dicit
745 3044 794 3100 per
815 3027 1014 3102 synecdochen.
1037 3036 1079 3084 est
1100 3028 1170 3083 enim

92 3108 204 3166 interior
225 3127 288 3183 pars
310 3110 414 3167 aurium
437 3111 506 3167 alba.
528 3119 560 3167 ut
580 3111 711 3186 populum
727 3129 837 3186 quoque
852 3114 963 3170 dicimus
977 3111 1071 3176 albam,
1096 3112 1171 3185 quod

93 3194 187 3268 utique
209 3195 272 3252 lolia
295 3195 351 3252 eius
374 3196 433 3252 alba
454 3204 592 3252 suntuna
613 3205 700 3270 parte,
723 3197 773 3253 alia
794 3209 870 3272 parte
890 3197 990 3254 viridia.
1058 3199 1096 3253 60
1119 3196 1170 3252 tria

93 3289 158 3335 sunt
179 3296 277 3354 genera
298 3297 458 3346 sannarum,
487 3291 518 3339 ut
545 3298 626 3339 manu
654 3281 786 3356 significet
814 3283 942 3341 ciconiam
970 3289 1017 3337 aut
1037 3281 1170 3338 auriculas

93 3363 160 3419 asini
180 3373 226 3421 ant
247 3365 366 3438 linguam
389 3367 472 3422 canis.
579 3370 616 3426 61
642 3367 746 3441 antiqui
772 3368 809 3423 ita
836 3366 909 3424 fores
938 3366 1099 3439 templorum
1128 3366 1170 3424 vel

93 3449 196 3506 aedium
219 3450 344 3507 dixerunt
365 3452 466 3508 anticas
488 3459 516 3508 et
543 3452 670 3526 posticas,
713 3453 833 3526 posticae
861 3469 926 3526 ergo
956 3467 1070 3514 sannae.
1100 3468 1169 3526 quae

92 3533 124 3589 fir
145 3550 160 3589 a
181 3535 325 3608 posteriori
347 3544 433 3609 parte.
499 3537 632 3611 posticum
648 3537 742 3594 dieunt
756 3537 862 3610 quidam
878 3537 999 3593 Persium
1021 3554 1077 3594 non
1098 3536 1169 3594 bene

90 3617 189 3675 iecisse
211 3621 287 3693 quod
308 3621 498 3694 paenultimam
526 3623 662 3696 produxit.
749 3638 832 3678 sanna
854 3621 951 3679 dicitur
972 3639 1003 3679 os
1026 3623 1168 3679 distortum

180 3767 211 3818 53
232 3767 313 3818 cereis
333 3773 356 3816 α
426 3771 459 3820 54
479 3769 537 3819 trito
558 3775 581 3818 α
634 3767 744 3819 laconna
764 3774 787 3817 α
866 3772 897 3822 tt
916 3771 1093 3849 propensoP:
1112 3784 1170 3835 ιιι-ο

92 3835 167 3885 teneo
187 3841 210 3884 α
228 3840 349 3901 protento
369 3837 568 3902 Ρνίιεῐαιιιιερ.
587 3835 639 3888 251
787 3839 818 3890 58
837 3837 880 3889 uel
898 3839 1013 3904 pinxitp
1033 3837 1127 3903 piucsit
1145 3844 1169 3887 α

91 3893 257 3967 ambiguum
274 3904 342 3968 pisat
360 3918 396 3953 on
413 3904 474 3971 pisit
494 3904 635 3969 legendum
653 3899 702 3955 eit'
723 3904 865 3957 Diomedes
884 3905 959 3958 GLK.
977 3906 994 3956 J
1003 3922 1033 3971 p.
1050 3904 1102 3957 373

93 3970 127 4022 tt
143 3969 242 4022 imitata
260 3976 300 4022 est
318 3978 363 4038 αρ
434 3972 491 4024 61
485 3987 524 4023 tus
543 3977 582 4025 est
600 3975 624 4024 P
