2514 4350
520 741 751 815 lVVENALlS

345 957 373 1048 S
403 958 438 1048 A
469 959 503 1046 T
532 957 571 1046 V
600 958 637 1048 R
668 959 703 1049 A
734 960 771 1049 tt
801 958 840 1047 V
870 961 912 1049 Μ

492 1165 769 1229 nreuaentuvs

551 1365 685 1418 SATVRA
701 1367 712 1420 l

99 1465 217 1545 Semper
240 1485 295 1545 ego
318 1468 434 1529 auditor
456 1469 594 1531 tantum‘.l
617 1490 820 1550 numquamne
843 1492 986 1554 reponam

99 1560 211 1612 rexatus
235 1554 345 1614 totiens
367 1554 448 1615 rauci
472 1555 615 1634 Theseide
639 1555 786 1617 uordtts
807 1551 869 1614 rel.
887 1551 1123 1660 malope&
1137 1557 1195 1640 pl

102 1655 205 1715 npune
229 1656 300 1715 ergo
324 1639 395 1699 mihi
417 1639 584 1700 recitaverit
607 1640 655 1701 ille
677 1651 800 1719 togatas,

98 1721 138 1781 nic
161 1721 283 1801 elegos?
305 1725 419 1803 inpune
442 1725 518 1786 diem
542 1728 760 1805 consumpserit
782 1729 890 1806 ingens

98 1805 241 1889 lelepltus
263 1818 314 1869 aut
336 1811 443 1870 summi
467 1811 554 1890 plena
579 1810 636 1872 iam
658 1813 792 1892 margine
814 1813 882 1873 libri
1149 1825 1164 1872 5

98 1891 218 1970 scriptus
242 1896 323 1954 etin
347 1904 431 1974 tergo
455 1895 582 1956 necdum
606 1897 709 1959 linitus
733 1896 874 1960 Orestes?

174 2067 184 2121 l
208 2083 257 2124 cur
279 2075 383 2125 saturas
405 2068 513 2126 scribat.
643 2071 794 2129 Iuvenalem
823 2070 903 2146 aliqui
926 2069 1029 2127 Gallum
1051 2081 1164 2145 propter

96 2151 211 2224 :orporis
234 2154 454 2227 magnitudinem,
478 2154 560 2230 aliqui
575 2157 735 2230 Aquinatem
758 2156 859 2213 dieunt.
883 2173 912 2212 ea
935 2164 1056 2230 tempora
1071 2157 1163 2212 llomi-

96 2235 153 2291 .iani
176 2240 291 2309 tyranni,
315 2238 415 2312 quibus
437 2240 515 2296 etiam
537 2242 595 2315 ipse
617 2241 688 2308 vixit,
713 2258 745 2298 eo
769 2242 843 2316 quod
867 2242 893 2296 in
917 2241 977 2296 aula
997 2241 1080 2314 ipsius
1102 2241 1163 2314 plus

96 2321 232 2377 ustriones
254 2340 334 2396 quam
355 2322 443 2380 bonae
465 2325 534 2382 vitae
556 2326 677 2382 homines
699 2334 819 2400 possent,
844 2325 961 2398 graviter
982 2325 1090 2398 carpsit.
1113 2325 1163 2381 hos

95 2413 178 2461 tutem
200 2404 283 2462 libros
305 2407 333 2462 in
355 2407 461 2463 exilium
481 2409 578 2464 missus
593 2411 627 2466 ad
643 2411 774 2467 civitatem
790 2409 910 2466 ultimam
926 2410 1040 2482 Aegypti
1056 2409 1164 2464 Hoasim

95 2491 120 2546 rb
141 2491 200 2565 ipso
223 2490 370 2547 Domitiano
393 2492 509 2565 scripsit.
538 2494 598 2549 ideo
621 2504 711 2551 autem
732 2493 759 2548 in
783 2493 888 2549 erilium
910 2493 1006 2548 missus
1029 2503 1078 2557 est,
1102 2493 1162 2567 quia

94 2576 151 2632 lixit
171 2592 278 2633 versum
301 2576 340 2650 [7,
358 2573 410 2651 90]
430 2566 519 2650 ‘quod
541 2594 597 2633 non
620 2579 682 2635 dant
705 2595 840 2652 proceres.
865 2577 937 2635 dabit
950 2564 1066 2634 histrio'.
1090 2595 1163 2636 nunc

93 2670 173 2718 tutem
203 2662 256 2718 hoc
283 2661 386 2718 inducit
414 2662 490 2735 quasi
512 2671 634 2737 carptum
655 2681 684 2720 se
706 2681 755 2738 per
774 2663 875 2738 figuras
897 2681 912 2720 a
934 2662 1037 2720 miseris
1064 2665 1160 2738 poetis,

95 2748 141 2821 qui
163 2747 200 2803 nil
221 2764 322 2804 novum
343 2747 390 2804 sed
414 2746 537 2804 omnibus
559 2758 637 2805 notas
659 2748 761 2806 tabulas
783 2750 936 2806 recitarent.
960 2758 986 2805 et
1001 2748 1063 2806 dicit
1078 2752 1161 2823 magis

92 2833 135 2889 leo
164 2843 282 2889 saturam
310 2850 338 2889 se
361 2832 493 2897 scrihere,
523 2844 554 2891 ut
580 2835 666 2908 possit
693 2850 782 2891 mores
803 2835 874 2892 illius
895 2834 1024 2908 temporis
1046 2835 1161 2892 demon-

92 2918 195 2974 strando
218 2926 323 2975 notare.
431 2919 449 2975 2
473 2918 577 2977 Cordus
599 2920 642 2977 ltie
664 2930 744 2994 poeta
767 2920 817 2976 luit
839 2920 958 2986 vitiosus,
982 2921 1028 2994 qui
1051 2929 1160 2991 tragoe-

91 3003 162 3067 liam,
187 3003 303 3060 laltulam
319 3003 411 3062 Thesei
434 3004 550 3078 scripsit.
584 3007 617 3063 de
639 3023 693 3079 quo
711 3005 835 3079 Virgilius
858 3006 922 3063 dixit
944 3003 1023 3079 [Aen.
1041 3007 1069 3069 6,
1088 3003 1160 3076 617]

94 3088 170 3144 sedet
192 3098 385 3165 aeternumque
412 3089 516 3146 sedebit
543 3089 635 3148 infelix
657 3079 797 3148 Theseus'.
928 3093 945 3149 3
969 3099 1074 3162 togatae
1096 3098 1161 3144 sunt

90 3174 236 3232 romoediae
263 3175 371 3233 latinae.
409 3175 500 3249 quales
523 3175 649 3232 Afranius
677 3177 751 3233 lecit.
888 3178 905 3234 5
929 3174 1061 3250 Telephus
1089 3173 1160 3230 lilius

90 3259 200 3316 leraclis
228 3268 256 3317 et
277 3264 367 3335 Auges
389 3277 403 3316 a
426 3278 504 3318 cerva
532 3262 650 3317 nutritus
678 3271 729 3318 est.
838 3261 986 3317 notandum
1014 3259 1159 3332 marginem

90 3344 209 3400 'emininc
232 3363 331 3419 genere
353 3346 414 3402 dici.
451 3345 559 3402 Ovidius
582 3343 654 3420 [met.
674 3349 700 3411 l,
720 3343 767 3419 13]
790 3345 947 3402 masculino.
1041 3344 1159 3417 6Aegi-

89 3430 159 3486 ttltus
182 3430 304 3505 Thyestis
326 3429 397 3487 filius
426 3431 490 3487 dum
513 3430 714 3504 Clytemestram
745 3448 856 3486 uxorem
880 3431 1086 3503 Agamemnonis
1108 3429 1158 3485 ad·

88 3514 218 3581 tlteraret,
241 3514 287 3573 illa
309 3515 406 3572 amoris
427 3515 498 3571 illius
521 3532 599 3572 causa
621 3515 817 3572 communicato
847 3532 909 3571 cum
931 3514 1024 3571 eodem
1047 3514 1156 3572 consilio

88 3601 232 3658 lenientem
254 3618 269 3657 e
291 3602 407 3657 Troiano
429 3600 501 3657 bello
524 3602 649 3656 maritum
671 3601 814 3673 percussit.
838 3616 918 3674 quam
940 3610 1033 3673 postea
1049 3601 1157 3658 Orestes

88 3684 153 3742 ilius
176 3687 273 3743 dicitur
295 3687 433 3743 occidisse.

149 3849 272 3902 [titulus
288 3850 380 3902 nullus
397 3855 426 3901 in
444 3851 468 3900 P
535 3849 608 3902 luel
629 3849 802 3916 uumquinep
873 3849 1011 3914 2codrip
1082 3853 1156 3902 3ιο-

86 3921 167 3982 galam
185 3926 359 3971 commentum
371 3919 474 3970 Donati
492 3918 567 3972 und.
585 3917 626 3971 W
640 3934 667 3985 p.
685 3918 737 3971 524
