2528 4364
58 221 62 226 ’
117 215 157 272 64
568 212 741 266 tvvttrtntts

118 395 188 447 nota
210 387 303 464 magis
327 386 399 447 nulli
423 386 527 447 domus
550 395 594 447 est
617 403 678 458 sua,
702 403 789 464 quarn
813 384 883 444 mihi
907 384 992 445 lucus

117 471 218 532 llartis
241 480 270 531 et
291 471 400 532 Aeoliis
421 471 549 531 vicinum
574 469 698 549 rupibus
721 479 839 530 antrum

116 556 239 618 Vulcani
247 576 256 633 ;
280 557 349 635 quid
372 566 462 633 agant
482 556 571 626 venti,
596 573 668 634 quas
689 563 826 633 torqueat
847 553 969 615 umbras

117 643 240 714 Aeacus,
263 643 343 702 unde
366 641 440 702 alius
461 641 586 701 furtivae
609 641 731 700 devehat
752 657 856 700 aurum
1163 650 1192 701 10

21 715 59 828 ἡ
117 727 281 807 pelliculae,
304 736 430 806 quantas
452 725 596 786 iaculetur
618 723 782 804 Mdnycbus
805 687 1238 799 ornosimh'bbG-uce...

15 835 25 854 ¹
118 812 279 873 Frontonis
301 812 411 890 platani
434 810 634 890 convulsaque
656 827 804 870 marmora
826 810 1069 907 clamante-Iret
1087 812 1198 863 met.
1234 841 1246 862 .

111 907 236 977 'semper
258 905 287 957 et
309 896 431 957 adsiduo
454 904 559 975 ruptae
581 896 691 956 lectore
714 886 1023 974 antunnacum
1040 887 1190 945 Mad«
1261 903 1264 934 ³

28 1038 38 1069 ρ
120 992 258 1062 expectes
281 983 381 1042 eadem
405 1000 420 1040 a
444 999 561 1042 summo
584 981 767 1058 minimoque
789 990 885 1058 poeta.
902 966 1106 1034 ΜΝ·
1178 942 1193 1004 s

24 1051 92 1108 W*
120 1079 320 1145 egnes-ergo
344 1084 462 1127 manum
486 1067 597 1127 ferulae
619 1065 822 1145 subduximus,
848 1074 878 1125 et
899 1051 1077 1157 noegeu!
1162 1073 1190 1124 15

119 1152 276 1213 consilium
299 1151 432 1212 dedimus
455 1151 561 1224 Sullae,
585 1151 714 1230 privatus
736 1158 769 1211 ut
791 1151 881 1210 altum

120 1238 271 1297 dormiret.
316 1236 404 1296 stulta
428 1245 472 1298 est
494 1236 658 1310 clementia,
682 1254 749 1297 cum
772 1243 817 1296 tot
838 1234 952 1313 ubique

118 1321 233 1382 vatibus
256 1340 405 1396 occurras,
429 1321 578 1400 periturae
599 1339 723 1400 parcere
745 1321 871 1381 chartae.

120 1424 173 1467 cur
195 1415 293 1467 tamen
316 1405 374 1482 hoc
396 1406 495 1486 potius
518 1406 606 1467 libeat
627 1406 788 1490 decrurere
810 1423 926 1486 campo,
941 1398 1082 1477 fiam..
1100 1402 1141 1467 ιζ.
1154 1396 1213 1468 dos
1242 1426 1246 1438 ·

120 1509 283 1571 perquem
308 1509 433 1570 magnus
456 1510 548 1570 equos
571 1493 728 1552 Auruncae
750 1490 830 1551 llexit
852 1491 1000 1565 alumnus,
1162 1497 1192 1548 to

119 1577 144 1638 si
166 1586 247 1637 vacat
269 1595 303 1637 ac
325 1576 431 1656 placidi
454 1577 597 1637 rationem
622 1576 898 1649 admittitis‚.edam.

162 1681 229 1722 cum
253 1673 339 1723 tener
360 1681 482 1723 uxorem
506 1663 593 1722 ducat
615 1663 717 1741 spado,
741 1661 832 1721 Mevia
855 1661 983 1721 'luscum

119 1748 189 1827 flgat
211 1765 315 1827 aprum
339 1755 367 1807 et
390 1747 468 1807 nuda
490 1755 590 1807 teneat
612 1747 753 1807 venabula
775 1763 912 1821 mamma,

120 1833 258 1912 patricios
281 1832 378 1893 omnis
402 1832 508 1911 opibus
530 1849 598 1892 curn
621 1840 763 1910 provocet
784 1849 863 1891 unus

121 1936 179 1995 quo
202 1919 345 1978 tondente
369 1917 463 1995 gravis
487 1917 584 1977 iuveni
606 1917 677 1976 mihi
700 1915 789 1977 barba
812 1915 945 1987 sonabat,

2 1997 16 2016 ¹
46 1982 186 2084 (iliacum
210 2021 279 2081 pars
299 2001 428 2076 Niliacae
451 2000 555 2079 plebis,
578 2019 645 2061 curn
667 2019 757 2061 verna
781 2000 892 2078 Canopi
976 2047 979 2055 .
1029 2021 1090 2088 L&
1174 2034 1191 2044 ·-

0 2161 4 2173 .
26 2116 75 2178 ω
120 2087 272 2166 Crispinus
294 2085 396 2173 Tyrias
419 2104 523 2166 umero
547 2097 705 2163 revocante
727 2053 1020 2171 lacernasQ
1032 2006 1235 2198 haspas&

117 2171 239 2257 ventilet
261 2171 402 2247 aestivum
425 2169 522 2249 digitis
545 2171 718 2232 sudantibus
740 2188 846 2231 aurum

0 2265 6 2335 ᾖ
37 2257 84 2286 ³
119 2273 175 2317 nec
197 2256 322 2316 sufferre
345 2266 433 2333 queat
455 2255 573 2317 maioris
596 2258 727 2335 pondera
750 2274 893 2335 gemmae,

5 2337 6 2340 ’
119 2341 236 2402 difficile
259 2351 302 2402 est
325 2348 452 2402 saturam
476 2360 536 2401 non
560 2340 701 2402 scribere.
739 2359 807 2402 nam
831 2341 896 2421 quis
919 2339 1038 2418 iniquae
1163 2349 1192 2398 30

1 2456 2 2462 κ
18 2397 92 2459 &⁹²
118 2435 177 2488 tam
200 2426 316 2515 patiens
338 2425 431 2501 urbis,
455 2435 513 2487 tarn
537 2428 660 2501 terreus,
683 2436 716 2488 ut
737 2435 837 2509 teneat
857 2444 898 2503 se,
923 2414 1005 2481 (Aa).
1021 2423 1054 2474 t.
1074 2438 1140 2474 m
1153 2453 1214 2481 a..

378 2520 384 2534 ·
703 2507 715 2514 “
908 2498 1026 2579 μένω
1049 2512 1226 2570 mma.

10 2653 15 2672 ,
49 2661 52 2670 J
206 2603 222 2656 7
246 2599 337 2657 lucum
360 2601 449 2657 llartis
472 2601 535 2657 dicit
557 2600 604 2674 qui
627 2599 725 2656 Romae
747 2600 836 2656 estin
859 2598 960 2673 Appia,
989 2596 1018 2652 in
1040 2612 1094 2671 quo
1117 2566 1208 2650 sole-¹

117 2683 184 2738 bant
204 2685 317 2741 recitare
339 2696 444 2758 poetae.
481 2695 528 2754 aut
549 2684 625 2756 illum
648 2685 695 2758 qui
717 2685 789 2764 apud
811 2683 924 2762 Colchos
948 2690 997 2747 est,
1020 2681 1047 2737 in
1072 2695 1126 2754 quo
1143 2679 1195 2737 luit

77 2771 81 2778 '
119 2766 196 2840 pellis
217 2783 307 2823 aurea.
345 2770 438 2826 autin
461 2786 515 2844 quo
538 2769 582 2826 Ilia
604 2769 720 2844 peperit.
847 2769 883 2826 12
906 2767 1061 2824 Frontonis.
1084 2768 1111 2821 in
1134 2765 1193 2822 llo-

120 2851 220 2908 ratiana
242 2852 338 2921 domo,
362 2854 389 2908 in
413 2871 465 2928 qua
488 2865 584 2928 poetae
605 2854 763 2910 recitabant.
895 2853 933 2910 20
954 2843 1109 2909 ‘bucillium
1131 2850 1195 2907 dicit

118 2945 151 2994 ut
172 2936 206 2992 sit
228 2938 356 2994 Aurunca
377 2955 428 3011 pro
451 2939 524 2997 ltalia
546 2938 756 3014 synecdochicos
778 2938 874 3012 posita.
903 2939 945 2995 vel
967 2945 999 2995 ut
1019 2935 1125 2993 Probus
1148 2953 1194 2992 ex·

118 3021 205 3098 ponit,
228 3021 349 3078 Turnum
372 3022 435 3079 dicit
448 3023 541 3081 Scaevi
556 3024 680 3081 llemoris
703 3023 795 3097 tragici
816 3032 913 3097 poetae
934 3023 1052 3082 tratrem.
1087 3023 1194 3078 Turnus

118 3109 162 3165 hic
183 3107 302 3166 libertini
324 3107 430 3181 generis
458 3110 491 3165 ad
512 3109 629 3166 bonores
651 3107 796 3165 ambitione
817 3117 963 3183 provectus
986 3117 1028 3166 est
1047 3115 1145 3183 potens
1167 3107 1194 3162 in

119 3195 180 3251 aula
201 3193 426 3267 Vespasianorum
448 3193 498 3249 Titi
521 3204 547 3251 et
568 3192 718 3250 Domitiani.
740 3195 782 3250 vel
795 3195 905 3252 benium
920 3194 1065 3270 [Lenaeum
1083 3191 1196 3248 Carau-

121 3279 222 3355 boner]
245 3278 324 3343 dicit,
347 3279 394 3353 qui
416 3280 521 3353 etipse
543 3280 637 3336 satiras
660 3280 777 3353 scripsit.
814 3280 855 3336 vel
877 3280 971 3337 Silium
994 3289 1022 3338 et
1043 3280 1131 3353 ipsum
1153 3279 1196 3333 sui

119 3366 249 3439 temporis
271 3364 416 3421 satiricum.
440 3365 486 3438 qui
501 3381 593 3422 omnes
615 3374 647 3421 ut
663 3364 767 3422 Probus
787 3365 872 3422 relert
886 3383 918 3422 ex
933 3369 1060 3423 Aurunca
1075 3357 1197 3421 lueruut'

124 3447 215 3505 Vallo.
339 3452 378 3510 26
402 3467 463 3508 cum
484 3466 555 3524 pars.
578 3449 694 3507 Niliacus
715 3467 786 3508 unus
808 3452 841 3508 de
863 3449 1019 3509 consulibus
1041 3450 1143 3508 liciniae
1165 3463 1197 3504 ac

122 3532 155 3588 de
175 3534 256 3608 plebe
279 3535 393 3612 Aegypti
415 3535 481 3601 luit,
511 3552 666 3608 magnarum
686 3536 785 3594 Romae
807 3544 900 3611 postea
927 3536 1094 3594 facultatum.

208 3619 331 3694 Canopus
354 3621 480 3696 oppidum
505 3621 617 3697 Aegypti
640 3621 739 3678 dictum
761 3639 775 3678 a
798 3621 980 3695 gubernatore
1002 3621 1125 3685 Menelai,
1150 3619 1198 3694 qui

122 3699 218 3759 ibidem
240 3720 333 3761 morsu
355 3708 488 3781 serpentis
510 3708 643 3764 extinctus
658 3715 708 3764 est.
840 3708 878 3767 28
901 3724 951 3782 per
972 3707 1102 3767 luxuriam
1126 3707 1196 3763 enim

122 3787 217 3846 anulos
239 3789 353 3847 aestivos
376 3801 404 3848 et
424 3792 548 3851 hiemales
570 3792 715 3851 invenerat.

207 3973 234 4024 tt
257 3987 287 4024 ac
305 3971 348 4024 uel
366 3976 392 4023 et
410 3987 505 4039 margo
522 3976 546 4026 P
647 3974 679 4028 25
696 3973 797 4027 iuuenis
816 3976 881 4042 Ppr.
