2528 4364
129 217 170 277 38
617 219 722 274 PERSll

130 411 199 455 cum
222 393 317 472 capite
341 391 527 471 etpedibus,
551 390 724 471 plebeiaque
747 392 872 469 prandia
896 384 995 454 noris.³

130 488 191 539 non
216 477 353 557 equidem
375 477 433 538 hoc
456 476 570 548 studeo,
593 476 711 554 pullatis
734 486 767 536 ut
788 478 860 537 mihi
884 478 970 555 nugis

129 564 236 643 pagina
260 570 409 642 turgescat
431 564 501 623 dare
523 562 642 640 pondus
664 560 769 621 idonea
792 564 884 622 fumo.

127 657 242 709 secrete
264 648 423 726 loquimur.
468 647 522 707 tibi
545 665 628 707 nunc
650 647 787 706 hortante
810 646 938 708 Camena

129 733 303 794 excutienda
327 734 430 794 damus
451 731 633 811 praecordia,
657 740 827 809 quantaque
849 741 969 793 nostrae

128 836 197 897 pars
218 828 269 879 tua
292 818 338 890 sit,
363 817 502 888 Cornuto,
526 817 648 887 animae,
674 815 736 890 tihi,
759 816 852 878 dulcis
875 819 977 890 amice,

127 904 291 965 ostendisse
313 903 401 963 iuvat.
446 903 530 982 pulsa
553 901 709 962 dinoscere
732 912 836 963 cautus

128 988 199 1066 quid
222 988 348 1049 solidum
372 997 474 1066 crepet
496 998 525 1048 et
547 987 644 1066 pictae
666 987 788 1047 tectoria
810 987 938 1066 linguae.

128 1074 177 1133 hic
201 1093 255 1153 ego
279 1081 420 1134 centenas
443 1073 535 1133 ausim
559 1071 720 1151 deposcere
743 1073 852 1145 fauces,

126 1167 161 1219 ut
184 1168 326 1236 quantum
350 1157 421 1218 mihi
445 1167 473 1217 te
496 1158 618 1218 sinuoso
641 1157 673 1217 in
698 1167 819 1236 pectore
842 1157 901 1230 fixi,

128 1262 201 1304 voce
223 1245 335 1304 traham
358 1261 442 1322 pura,
465 1250 622 1321 totumque
644 1242 702 1302 hoc
723 1240 812 1302 verba
835 1243 1000 1322 resignent,

128 1327 208 1408 quod
230 1328 300 1390 latet
321 1346 428 1388 arcana
452 1347 513 1388 non
537 1327 703 1388 enarrabile
725 1327 808 1388 libra.

171 1431 239 1473 cum
262 1414 391 1493 primum
414 1412 518 1492 pavido
541 1421 641 1474 custos
662 1412 734 1472 mihi
756 1431 890 1492 purpura
912 1412 1002 1473 cessit
1178 1419 1207 1470 80

127 1497 267 1577 bullaque
289 1498 452 1559 subcinctis
476 1497 601 1559 Laribus
623 1498 730 1557 donata
751 1498 902 1577 pependit,

126 1680 153 1728 et
175 1672 325 1744 tragoedias
352 1672 546 1745 praetermitte.
637 1671 674 1728 18
698 1686 759 1726 cum
788 1671 875 1744 capite
901 1669 1064 1743 etpedibus
1086 1668 1152 1723 dixit
1174 1668 1206 1724 ad

124 1758 292 1830 superiorem
315 1774 424 1814 sensum
443 1756 571 1818 referens,
595 1755 642 1811 ubi
659 1759 769 1810 Atreum
786 1755 908 1829 Thyestis
923 1754 993 1811 filios
1009 1753 1113 1811 coxisse
1128 1769 1206 1809 com-

123 1843 290 1914 memoravit.
335 1859 394 1898 cum
423 1842 468 1897 ille
489 1841 577 1896 minus
606 1841 679 1912 quod
702 1839 857 1896 comedebat
878 1848 1046 1913 agnosceret,
1070 1839 1158 1912 capite
1180 1848 1207 1894 et

122 1926 237 2000 pedibus
259 1926 376 1983 filiorum
400 1925 495 1981 oblatis
518 1923 654 1982 intellexit.
746 1926 781 1981 19
806 1923 920 1998 pullatas
942 1942 1027 1998 nugas
1052 1923 1205 1997 tragoedia-

122 2029 182 2068 rum
206 2012 243 2067 ait
263 2020 376 2084 propter
399 2009 487 2065 tristes
509 2008 621 2072 fabulas,
645 2017 672 2064 et
693 2009 766 2082 quod
789 2009 899 2066 maxime
920 2009 993 2083 pulla
1013 2018 1096 2074 veste,
1121 2009 1146 2064 id
1166 2017 1206 2065 est

122 2095 240 2167 lugubri,
264 2094 384 2168 tragoedi
406 2093 561 2151 utebantur.
583 2093 682 2166 legitur
703 2103 730 2150 et
753 2093 868 2160 bullatis,
891 2095 917 2150 id
940 2104 981 2151 est
1004 2093 1114 2150 ornatis.

125 2178 249 2254 pullatis,
278 2178 393 2253 palliatis
421 2181 532 2252 graecis.
662 2180 702 2236 22
726 2182 756 2235 ad
779 2182 919 2236 Annaeum
942 2180 1091 2236 Cornutum
1114 2178 1205 2253 philo-

123 2264 248 2338 sophum,
273 2265 410 2338 egregium
432 2265 526 2329 virum,
551 2264 613 2339 quia
635 2264 692 2321 eius
714 2265 821 2321 auditor
836 2264 895 2330 luit,
919 2265 1051 2338 loquitur.
1073 2264 1206 2321 sententia

123 2367 138 2406 a
160 2349 313 2423 Pythagora
341 2359 437 2412 tracta,
468 2349 513 2406 ille
539 2350 609 2407 enirn
638 2349 820 2424 interrogatus
848 2351 911 2424 quid
935 2359 1006 2406 esset
1026 2349 1136 2414 amicus,
1161 2366 1204 2406 re-

123 2435 234 2509 spondit
262 2452 330 2509 quae
359 2435 485 2493 Horatius
513 2435 551 2492 sic
578 2434 670 2509 posuit
693 2434 748 2510 [od.
768 2439 800 2499 1,
819 2439 853 2499 3,
870 2433 900 2508 9]
925 2429 969 2491 ‘et
990 2452 1080 2491 serves
1103 2435 1204 2490 animae

123 2521 259 2577 dimidium
287 2516 381 2578 meae‘.
425 2522 533 2578 Persius
561 2530 648 2578 autem
676 2530 707 2576 ut
729 2520 825 2597 aliquid
849 2530 969 2584 novaret,
993 2520 1114 2594 permisit
1136 2520 1204 2576 Gor-

122 2614 190 2662 nuto
218 2606 372 2670 aestimare,
403 2615 530 2681 quantam
558 2605 637 2663 vellet
665 2607 790 2680 propriae
812 2606 913 2662 animae
935 2614 1037 2679 partem
1061 2621 1138 2661 suam
1161 2604 1204 2662 di-

123 2706 194 2746 cere.
268 2693 306 2748 24
330 2692 382 2747 boc
404 2692 480 2747 dicit:
505 2692 557 2747 scis
579 2692 649 2748 enim
671 2690 835 2764 intellegere,
860 2691 923 2764 quid
945 2691 980 2746 sit
1000 2691 1138 2762 integrum
1160 2697 1206 2746 aut

122 2773 256 2829 vitiosum.
279 2783 310 2830 ut
331 2774 400 2831 idem
422 2792 502 2848 supra
525 2774 565 2848 [3.
589 2774 640 2848 22]
657 2769 819 2849 ‘respondet
842 2775 917 2830 viridi
938 2792 994 2831 non
1016 2783 1094 2832 cocta
1116 2774 1205 2831 fidelia

122 2852 206 2923 limo‘.
316 2861 354 2915 30
379 2859 441 2914 dicit
474 2877 503 2914 se
532 2868 612 2933 poeta
645 2876 707 2914 mor
739 2868 876 2932 praetexta
910 2861 1032 2935 deposita
1054 2861 1205 2917 Cornutum

122 2942 210 3015 sequi.
243 2950 380 3016 praetexta
413 2942 521 3016 puerilis
554 2953 595 3000 est
616 2944 697 2998 vestis
726 2961 778 3016 qua
808 2962 894 3017 usque
922 2947 955 3002 ad
981 2945 1096 3002 sedecim
1119 2961 1204 3001 annos

122 3027 200 3102 pueri
221 3025 375 3083 utebantur.
484 3026 577 3102 pavido
601 3027 639 3083 ait
660 3028 771 3090 timenti,
801 3030 873 3102 quod
896 3029 946 3087 sub
970 3039 1043 3087 metu
1065 3031 1205 3104 paedago-

122 3130 220 3187 gorum
252 3113 413 3185 praetextati
445 3122 518 3168 sunt.
628 3113 664 3169 31
690 3112 762 3168 bulla
796 3131 880 3187 genus
910 3124 952 3172 est
983 3117 1063 3172 vestis
1092 3115 1204 3190 puerilis

122 3215 205 3273 quam
227 3197 317 3254 solent
338 3198 414 3270 pueri
439 3197 559 3271 deposita
581 3197 693 3270 pueritia
717 3199 765 3255 diis
787 3199 928 3272 penatibus
951 3201 1023 3256 dare.
1066 3200 1109 3256 vel
1132 3209 1205 3257 certe

122 3285 272 3340 ornamenti
298 3300 385 3357 genus
412 3290 453 3338 est
482 3283 554 3356 quod
578 3290 639 3337 ante
667 3283 835 3355 pubertatem
855 3283 998 3342 habehant.
1021 3293 1052 3342 ut
1072 3284 1204 3343 luvenalis

122 3365 184 3441 [ta.
209 3367 259 3442 33]
283 3362 342 3424 ‘dic
369 3369 459 3424 senior
487 3367 560 3423 bulla
589 3363 760 3441 dignissirne',
790 3369 816 3425 id
844 3379 886 3426 est
912 3370 959 3444 qui
982 3371 1079 3444 dignus
1102 3388 1131 3426 es
1154 3371 1205 3428 dici

121 3468 200 3524 puer.
279 3452 426 3509 subcinctis
448 3450 571 3508 Laribus.
595 3453 656 3525 quia
672 3452 773 3509 Gabino
796 3454 885 3511 cinctu
908 3456 943 3511 dii
965 3466 1077 3529 penates
1098 3455 1204 3512 forma-

121 3533 221 3590 bantur
242 3536 364 3593 obvoluti
388 3547 448 3610 toga
470 3553 553 3609 supra
577 3554 698 3594 umerum
720 3539 856 3595 sinistrum
880 3548 908 3596 et
928 3540 980 3596 sub
1003 3541 1108 3598 dextro.

209 3699 241 3750 18
259 3702 289 3749 in
308 3701 433 3764 margine
452 3706 475 3749 α
578 3701 647 3767 plebi
667 3703 758 3767 queP
845 3706 876 3755 19
895 3702 1000 3756 bullatis
1018 3709 1037 3769 ς
1055 3705 1204 3770 ampullatis

122 3766 235 3818 Iahnius
315 3768 346 3818 21
362 3767 493 3831 Secretig
562 3770 594 3820 22
606 3774 753 3836 quantaque
767 3776 826 3836 ap:
844 3771 1036 3838 quandoqueP
1102 3775 1136 3826 24
1148 3774 1205 3840 pul·

123 3834 307 3886 sandinoscere
325 3835 393 3899 Ppr.
476 3838 509 3888 26
527 3834 611 3887 llisP
682 3838 766 3889 auxim
784 3840 851 3904 Ppr.
921 3839 1009 3892 lauces
1027 3842 1062 3892 P:
1080 3856 1161 3893 uoces
1180 3848 1204 3893 α

207 3904 240 3954 28
258 3908 320 3968 puta
343 3909 367 3952 α
472 3909 553 3955 torum
573 3905 718 3973 Pcnrr.p
823 3908 854 3960 29
873 3906 971 3968 Quor
1070 3909 1207 3962 arcandl’

207 3971 241 4024 30
259 3969 305 4022 Cui
324 3977 348 4019 α
421 3972 451 4023 31
472 3971 616 4024 succinctus
637 3980 660 4023 α
