2528 4364
470 167 562 219 LIBER
580 167 591 220 1
626 169 758 223 SATVRA
778 170 799 220 V

95 341 226 421 quamvis
249 341 343 402 iurato
367 349 496 400 metuam
519 340 574 401 tibi
597 342 719 402 credere
741 343 819 404 testi.

95 435 198 488 ventre
222 426 295 487 nihil
318 425 386 486 novi
410 425 561 504 frugalius.
606 426 664 486 boc
687 437 785 488 tamen
809 429 906 507 ipsum

94 511 238 572 defecisse
260 521 340 591 puta,
364 511 441 589 quod
465 511 547 572 inani
570 512 679 572 sufficit
701 512 779 572 alvo:

96 598 175 658 nulla
198 597 318 676 crepido
340 593 444 656 vacat?
467 614 613 675 nusquam
635 615 714 676 pons
737 607 766 658 11
787 599 894 677 tegetis
915 617 984 679 pars

95 682 212 743 dimidia
234 679 374 742 brevior?
395 681 510 742 tantine
533 680 641 742 iniuria
665 700 765 756 cenae,

95 778 152 828 tam
176 767 274 827 ieiuna
297 768 398 840 fames,
422 785 490 827 cum
513 766 607 845 possit
628 767 782 829 honestius
803 768 863 829 illic

97 863 126 914 et
147 862 274 913 tremere
297 860 328 911 et
349 851 451 913 sordes
473 851 558 912 larris
581 853 718 913 mordere
741 851 863 914 canini?

136 937 233 1017 primo
257 938 313 1015 lige
336 937 411 1011 loco,
435 937 514 1015 quod
537 946 571 997 tu
593 937 778 999 discumbere
801 938 898 1001 iussus

95 1024 259 1084 mercedem
281 1021 404 1083 solidam
427 1029 559 1082 veterum
581 1023 663 1102 capis
685 1023 862 1087 officiorum.

94 1108 210 1168 fructus
231 1107 375 1168 amicitiae
396 1125 519 1185 magnae
542 1107 636 1182 cibus,
659 1108 776 1187 inputat
797 1109 878 1169 hunc
900 1127 961 1184 rex,

95 1201 124 1252 et
146 1193 279 1271 quamvis
300 1209 399 1252 rarum
421 1202 521 1253 tamen
544 1192 670 1272 inputat.
715 1212 787 1272 ergo
810 1195 884 1256 duos
906 1203 975 1274 post
1139 1203 1167 1253 15

95 1278 119 1337 si
141 1276 227 1337 libuit
248 1295 366 1338 menses
388 1277 555 1357 neglectum
578 1278 716 1339 adbibere
740 1279 889 1354 clientem,

94 1362 179 1422 tertia
202 1380 240 1422 ne
263 1381 354 1423 vacuo
377 1371 505 1424 cessaret
527 1362 633 1423 culcita
654 1363 741 1438 lecto,

92 1439 164 1507 ‘una
187 1441 293 1508 simus'
319 1447 368 1506 ait.
412 1456 547 1507 votorum
569 1466 694 1508 summa.
739 1447 809 1526 quid
831 1449 909 1509 ultra

95 1530 234 1610 quaeris?
257 1532 345 1592 habet
367 1531 493 1593 Trebius
514 1539 638 1611 propter
660 1534 738 1610 quod
761 1551 900 1612 rumpere
923 1552 1061 1595 somnum

93 1617 197 1677 debeat
220 1626 250 1677 et
270 1617 374 1696 ligulas
395 1617 552 1691 dimittere,
576 1617 718 1678 sollicitus
741 1636 779 1677 ne
1137 1630 1166 1679 m

93 1710 152 1762 tota
174 1703 327 1764 salutatrix
350 1701 407 1762 iam
430 1701 517 1762 turba
541 1704 689 1781 peregerit
711 1702 824 1774 orbem,

92 1786 237 1848 sideribus
258 1786 355 1848 dubiis
377 1796 429 1848 aut
449 1787 500 1848 illo
522 1796 657 1867 tempore
681 1806 741 1866 quo
763 1807 795 1848 se

92 1872 197 1950 frigida
220 1873 427 1951 circumagunt
448 1872 525 1952 pigri
547 1891 662 1934 serraca
691 1873 806 1933 bootae.

135 1958 229 2035 qualis
251 1976 324 2018 cena
347 1967 456 2018 tamon.
500 1958 603 2019 vinum
626 1957 705 2037 quod
728 1957 829 2019 sucida
853 1957 928 2017 nolit

92 2042 157 2102 lana
180 2043 255 2122 pati:
279 2044 314 2104 de
338 2044 456 2104 conviva
480 2043 647 2124 Corybanta
670 2043 790 2105 videbis.

90 2128 183 2205 iurgia
206 2127 379 2207 proludunt,
401 2130 452 2190 sed
474 2147 544 2189 mox
566 2139 596 2189 et
617 2129 723 2210 pocula
745 2139 868 2208 torques

90 2213 206 2274 saucius
229 2222 258 2273 ct
281 2213 371 2273 rubra
394 2213 529 2293 deterges
549 2215 672 2276 vulnera
696 2232 814 2294 mappa,

89 2400 196 2474 parasiti
225 2401 343 2458 Caesaris
371 2401 491 2459 luerunt.
601 2406 616 2458 7
647 2411 711 2475 puta
734 2411 762 2457 et
782 2401 835 2456 boc
857 2402 929 2475 quod
953 2400 1001 2457 tibi
1022 2410 1167 2474 paupertas

91 2484 170 2541 dabat
205 2485 318 2543 delicere
345 2486 482 2560 potuisse,
518 2503 574 2542 non
603 2487 693 2560 potius
722 2485 873 2542 mendicare
900 2501 980 2558 quam
1009 2485 1061 2542 hoo
1088 2482 1165 2559 patil

176 2573 193 2629 8
217 2580 314 2627 mattae
336 2588 398 2644 pars
420 2571 446 2626 in
470 2580 597 2644 tegumen
620 2570 727 2644 corpori
748 2568 843 2626 laetae.
945 2572 978 2626 11
1004 2569 1080 2643 panis
1103 2587 1167 2626 sor·

89 2656 167 2711 didus
190 2673 284 2712 canum
308 2665 357 2711 est.
449 2657 485 2712 12
508 2655 535 2710 iu
558 2655 642 2729 prima
663 2671 736 2729 pone
757 2653 861 2720 iniuria,
886 2655 954 2728 quia.
969 2654 992 2710 si
1012 2655 1167 2712 1111111111

88 2741 238 2803 recumbas,
263 2748 339 2812 putat
360 2757 389 2796 se
412 2740 438 2795 in
460 2740 513 2796 hoc
535 2748 621 2797 totum
643 2739 762 2806 solvisse,
787 2739 916 2814 quicquid
937 2757 1063 2815 umquam
1087 2740 1165 2798 obse·

89 2826 158 2897 quiis
179 2825 309 2880 meruisti.
410 2828 444 2882 17
471 2825 547 2883 tertia
570 2842 620 2883 nec
641 2842 734 2881 vacuo.
760 2825 831 2898 apud
852 2835 957 2882 veteres
980 2826 1165 2884 accubitorum

89 2926 155 2964 usus
177 2926 232 2965 non
255 2917 320 2974 erat,
344 2911 391 2966 sed
414 2912 440 2966 in
463 2911 568 2968 lectulis
591 2910 788 2968 discumbentes
810 2911 1016 2986 manducabant.
1040 2922 1094 2970 tres
1116 2929 1165 2968 au·

88 3003 141 3052 tem
169 2994 260 3051 lectuli
288 3005 364 3053 erant
384 2997 412 3051 in
434 2995 532 3070 quibus
555 2995 771 3061 discumbebant,
803 2998 874 3054 unde
896 2997 1030 3071 hodieque
1052 2997 1166 3054 triclinia

89 3080 266 3154 appellantur.
357 3084 393 3140 19
412 3099 510 3139 nomen
524 3083 644 3156 parasiti.
731 3083 770 3140 20
788 3080 901 3154 calciari,
918 3099 979 3138 cum
993 3081 1165 3138 festinatione

88 3174 115 3221 et
135 3183 213 3223 ansas
235 3166 379 3241 caligarum
401 3177 570 3241 praetereant
592 3167 746 3224 nonnullas.
771 3166 855 3224 dictae
876 3175 964 3223 autem
987 3166 1084 3239 ligulae
1100 3182 1113 3220 1
1128 3164 1166 3220 li-

87 3252 184 3322 gando.
271 3254 310 3310 23
335 3269 413 3309 11111
435 3253 503 3309 duae
525 3270 593 3326 quae
608 3261 740 3309 vocantur
755 3251 846 3309 Helice
860 3260 887 3307 11
902 3251 1054 3325 Cynosura.
1066 3252 1164 3306 Bootes

88 3343 176 3389 autem
204 3335 249 3407 qui
271 3343 299 3390 et
321 3340 463 3394 11111111.
487 3354 603 3410 quorum
625 3337 742 3394 siderum
764 3336 887 3391 lucanus
910 3351 1020 3408 quoque
1042 3335 1082 3391 sic
1104 3351 1164 3390 me·-

87 3416 162 3472 minit
184 3416 229 3491 [2,
254 3417 326 3492 236]
356 3411 427 3489 ‘sub‘
449 3430 530 3479 nocte
558 3439 657 3496 sopora
681 3419 815 3477 Parrhasis
844 3418 970 3492 obliquos
992 3418 1081 3477 1111111
1104 3436 1165 3477 cum

89 3510 204 3558 verteret
232 3491 314 3570 anes'.
423 3505 462 3564 24
489 3507 542 3564 hoo
567 3516 608 3564 est
629 3514 738 3580 gustum
761 3504 813 3560 vini
835 3503 906 3559 mali.
929 3503 968 3559 sic
990 3520 1050 3561 nam
1073 3505 1166 3561 vinum

86 3587 185 3643 molum
207 3596 324 3644 mentem
348 3588 445 3652 turbat,
469 3592 606 3664 quomodo
629 3591 688 3647 lana
712 3590 949 3646 11111111111111.Ι
1025 3592 1165 3648 1111111

86 3683 222 3730 cruentata
243 3689 340 3746 mappa
361 3674 487 3747 detergis.

169 3854 323 3909 9111111111
343 3856 412 3921 Ppr.
508 3857 538 3907 10
557 3855 676 3921 possisp
767 3855 797 3907 13
816 3855 919 3908 solitam
935 3870 953 3921 p
1043 3854 1167 3907 11111

87 3937 167 3989 necp
238 3926 268 3978 21
288 3923 429 3990 porregerit
447 3923 515 3989 Ppr.
572 3925 619 3976 ,24
637 3921 706 3991 quod
723 3937 756 3988 p:
775 3925 868 3990 quol’
935 3925 966 3974 tt
985 3923 1163 3989 mampaPpr.
