2528 4364
344 975 509 1037 OTTONlS
533 975 653 1037 lAHNll
675 975 889 1039 PRAEFATIO

167 1212 262 1274 Pansu
284 1223 451 1274 saturarum
479 1213 569 1286 liber,
599 1233 653 1294 per
676 1214 809 1276 Caesium
832 1214 969 1290 bassum,
1000 1224 1155 1296 postquam

80 1317 220 1375 Annaeus
246 1314 396 1376 Cornutus
423 1315 527 1376 leviter
554 1306 743 1391 retractavit,>
767 1316 862 1377 editus
892 1317 1152 1394 grammaticorum

81 1433 200 1494 operam
231 1425 370 1494 expertus
399 1425 451 1476 est.
503 1417 538 1477 de
560 1418 667 1479 Valerii
695 1418 784 1479 Probi
814 1417 1027 1479 commentario
1056 1418 1152 1492 vitam,

80 1517 164 1578 cuius
193 1517 334 1595 reliquiae
364 1516 510 1595 quantivis
539 1520 625 1597 pretii
655 1529 784 1580 servatae
807 1531 892 1594 sunt,
922 1520 1064 1581 sublatam
1089 1540 1154 1583 esse

80 1627 161 1679 certo
185 1618 355 1680 testimonio
373 1626 497 1680 constat.
535 1621 570 1679 ad
594 1638 661 1680 eum
684 1639 756 1681 num
772 1622 849 1682 baud
872 1641 943 1682 sane
964 1623 1054 1683 multa
1078 1623 1154 1683 anti·

78 1739 154 1799 quae
183 1721 335 1781 doctrinae
363 1722 482 1801 vestigia
513 1738 566 1800 per
594 1731 811 1793 commentum,
841 1724 918 1802 quod
947 1705 1069 1784 Cornuti
1099 1744 1154 1785 no-

78 1841 146 1884 men
172 1841 243 1902 prae
265 1842 296 1884 se
319 1825 386 1898 fert,
410 1824 540 1903 dispersa
562 1823 717 1884 referenda
741 1825 800 1885 sint
822 1825 870 1885 vix
892 1826 1013 1886 decerni
1034 1826 1154 1905 poterit.

77 1933 166 1985 notus
189 1933 216 1985 et
239 1943 255 1985 a
277 1926 378 1986 multis
401 1925 548 1986 adhibitus
572 1925 744 2005 Hieronymi
766 1927 849 1987 locus
872 1934 932 1988 est:
959 1939 1047 2008 puto,
1080 1929 1155 2008 quad

76 2027 177 2106 leporis
199 2028 286 2107 Aspm'
306 2032 339 2089 iu
359 2027 514 2108 quilium
540 2039 566 2090 ct
585 2027 746 2090 Salustium
768 2034 998 2101 commentarios,
1027 2029 1153 2092 Vulcacia'

75 2136 107 2191 ia
126 2129 269 2191 Ciceronis
291 2134 446 2204 orationes,
474 2129 615 2191 Victam‘ai
638 2134 670 2191 ia
692 2131 820 2209 dialaqos
834 2135 895 2192 cius
913 2126 971 2217 [et],
996 2137 1029 2193 ia
1047 2131 1152 2194 Term-

75 2236 111 2292 tii
131 2233 288 2294 comoedias
308 2236 501 2313 praeceptoris
522 2236 581 2293 mei
595 2233 705 2294 Donati
725 2253 812 2313 acque
834 2239 867 2295 iu
886 2232 1052 2313 Verqitium,
1075 2236 1151 2297 alic-

74 2352 141 2394 rum
170 2338 202 2395 iu
231 2335 316 2405 alios,
347 2334 485 2396 Plautum
513 2333 641 2395 uidelicet
673 2333 837 2396 Lucretium
859 2335 994 2397 Flaccum
1018 2337 1149 2398 Persium

74 2445 157 2515 atquc
184 2435 333 2497 lucanum
363 2436 451 2515 (apol.
474 2436 537 2495 adv.
560 2437 701 2497 Rufinum
725 2438 737 2496 l
760 2445 780 2496 t.
804 2437 841 2496 lV
869 2442 882 2500 1
908 2457 937 2516 p.
963 2434 1047 2520 367).
1098 2439 1150 2499 sed

75 2538 110 2597 de
134 2537 216 2597 nullo
245 2546 363 2616 praeter
384 2537 530 2598 Valerium
554 2538 685 2598 Probum
714 2539 905 2617 grammatico
935 2549 1060 2602 constat.
1105 2550 1148 2602 et-

74 2640 154 2699 enim
178 2657 266 2718 qnam
289 2639 325 2700 de
341 2639 468 2700 Acronis
482 2641 604 2701 nomine
626 2659 682 2719 per
696 2641 829 2702 codicem
845 2643 992 2720 quondam
1009 2642 1149 2703 Mediola-

73 2760 197 2802 nensem
224 2751 338 2803 servato
360 2760 443 2821 spem
467 2741 614 2804 Henricns
636 2742 774 2805 Ernstius
802 2748 873 2821 (aar.
896 2745 959 2806 obs.
982 2745 995 2806 l
1019 2749 1049 2819 7)
1079 2746 1148 2805 olim

72 2853 212 2917 moverat,
236 2863 300 2904 earn
324 2845 435 2906 nnllam
459 2863 523 2906 esse
538 2846 749 2908 demonstravit
764 2847 937 2908 Hauthalius
960 2851 1046 2923 (mus.
1063 2848 1148 2909 rhen.

72 2966 102 3007 n.
126 2967 148 3007 s.
174 2947 195 3005 V
218 2967 247 3027 p.
271 2949 333 3014 523
349 2950 418 3026 sq).
461 2949 497 3008 de
520 2948 651 3009 Cornuto
681 2949 804 3027 eiusque
833 2959 1002 3011 commento
1031 2969 1079 3011 res
1100 2950 1147 3010 in-

71 3059 161 3109 certa.
209 3067 268 3109 non
292 3049 443 3128 pertinere
465 3049 499 3108 ad
520 3048 612 3110 Persii
634 3050 805 3129 magistrum
829 3050 977 3128 plerisque
999 3050 1056 3109 iam
1079 3067 1147 3128 per·

71 3169 189 3211 suasum
213 3162 274 3222 ast,
297 3163 366 3213 ante
389 3149 535 3212 lsidorum
558 3154 595 3230 (a.
619 3155 694 3228 636)
715 3153 912 3231 compositum
936 3169 1000 3213 esse
1023 3153 1147 3211 demon-

70 3261 193 3313 stratum
223 3254 273 3313 ivit
301 3253 331 3314 6.
359 3254 391 3313 F.
416 3254 604 3314 Hermannus
632 3254 710 3330 (leot.
741 3254 822 3315 Pers.
845 3254 858 3315 Ι
880 3254 973 3315 Marb.
999 3254 1081 3316 1842
1110 3254 1146 3314 de

69 3363 164 3429 aetate
186 3367 215 3415 et
237 3375 292 3416 usu
315 3356 406 3416 schol.
429 3354 510 3416 Pers.
535 3356 612 3417 Gou.
638 3358 741 3432 1846),
763 3356 840 3417 baud
864 3365 943 3415 certa
967 3373 1145 3434 quamquam

70 3476 132 3518 non
161 3456 349 3536 improbabili
379 3457 548 3518 coniectura
578 3458 612 3518 ad
637 3458 841 3538 Carlingorum
872 3465 1005 3536 tempora
1034 3458 1146 3519 referre

69 3560 141 3620 mihi
165 3561 243 3621 visus
265 3579 339 3621 sum.

154 3662 295 3740 aliquam,
330 3663 400 3724 licet
427 3681 488 3722 non
517 3681 532 3722 a
569 3663 656 3722 docto
691 3662 882 3741 grammatico
918 3663 968 3722 sed
999 3681 1013 3721 a
1040 3663 1145 3723 iuvene

69 3763 194 3840 quodam
224 3763 300 3824 baud
324 3763 490 3835 illitterato,
520 3763 551 3822 in
576 3763 768 3824 emendandis
790 3763 881 3824 Persii
912 3763 1018 3825 saturis
1044 3781 1145 3824 curam

67 3866 191 3945 positam
215 3866 305 3927 luisse
333 3866 552 3945 subscriptione
581 3864 706 3944 quadam
735 3868 891 3940 docemur,
922 3883 1009 3943 quam
1035 3865 1074 3926 ita
1097 3883 1144 3926 re·

909 3965 948 4013 ᾗ
