2528 4364
455 239 549 292 LIBER
565 240 574 292 l
610 240 744 293 SATVRA
761 240 795 294 lv
1123 244 1161 302 97

90 412 201 473 desidia
223 412 324 473 tardos
347 421 376 471 et
397 411 488 490 longo
511 413 621 492 lrigore
643 414 779 492 pingues.

88 497 216 559 destinat
237 497 295 558 hoc
318 507 485 558 monstrum
508 498 632 559 cumbae
654 498 768 578 linique
791 500 927 579 magister
1134 513 1163 563 m

87 582 222 663 pontiflci
244 601 370 643 summo.
415 582 481 660 quis
502 583 582 643 enim
605 602 776 663 proponere
800 586 887 646 talem

89 678 139 729 aut
161 685 260 728 emere
283 667 415 741 auderet,
438 686 506 729 cum
529 668 618 748 plena
640 678 670 729 et
689 669 776 730 litora
798 672 892 732 multo

89 753 221 814 delatore
245 751 367 814 lorent‘l
389 752 514 832 dispersi
537 754 675 833 protinus
697 754 779 833 algae

87 838 280 917 inquisitores
302 847 426 917 agerent
447 857 515 899 cum
537 840 649 917 remige
672 838 753 900 nudo

89 942 151 984 non
174 921 334 983 dubitaturi
356 923 510 1002 fugitivum
533 924 632 985 dicere
654 924 765 1003 piscem

88 1010 303 1088 depastumque
325 1008 375 1069 diu
398 1008 503 1068 vivaria
526 1008 666 1083 Caesaris,
692 1009 761 1069 inde

89 1094 222 1173 elapsum
246 1103 375 1153 veterem
396 1092 433 1152 ad
455 1093 609 1154 dominum
630 1094 740 1154 debere
761 1094 878 1155 reverti.

89 1179 113 1240 si
136 1179 207 1257 quid
230 1177 368 1249 Palfurio,
391 1179 416 1239 si
438 1178 587 1240 credimus
610 1178 772 1254 Armillato,

90 1263 234 1342 quidquid
256 1262 452 1342 conspicuum
474 1264 693 1344 pulchrumque
716 1273 761 1325 est
782 1283 913 1343 aequore
935 1273 1009 1338 toto,

89 1367 138 1409 res
160 1349 223 1410 tisci
243 1357 301 1422 est,
324 1348 506 1427 ubicumque
529 1357 619 1409 natat.
663 1349 823 1410 donabitur
845 1369 928 1429 ergo,
1133 1359 1163 1408 to

89 1453 128 1494 ne
151 1442 261 1513 pereat.
305 1433 364 1493 iam
386 1433 502 1494 letilero
526 1433 650 1495 cedente
672 1434 789 1513 pruinis

89 1528 242 1593 autumno,
265 1518 323 1578 iam
346 1528 520 1596 quartanam
542 1519 732 1597 sperantibus
754 1519 851 1596 aegris

88 1602 230 1665 stridebat
252 1604 392 1664 deformis
414 1603 509 1664 hiems
532 1602 732 1682 praedamque
755 1612 907 1664 recentem

89 1689 232 1750 servabat.
278 1698 375 1749 tamen
399 1688 448 1749 hic
470 1697 621 1767 properat,
644 1688 723 1749 velut
744 1696 869 1767 urgueat
891 1695 999 1748 auster.

91 1783 183 1853 utque
205 1775 287 1835 lacus
309 1774 461 1845 suberant,
484 1773 536 1835 ubi
558 1791 736 1852 quamquam
759 1774 856 1834 diruta
878 1781 975 1834 servat
1132 1781 1163 1831 tu

90 1860 189 1938 ignem
212 1859 374 1920 Troianum
397 1868 428 1919 et
450 1859 567 1920 Vestam
590 1858 659 1919 colit
680 1859 754 1919 Alba
777 1859 935 1932 minorem,

90 1944 204 2006 obstitit
226 1944 349 2004 intranti
372 1944 504 2004 miratrix
525 1944 613 2006 turba
634 1963 806 2024 parumper.

176 2152 215 2208 46
239 2167 271 2207 ex
291 2150 375 2206 ironia
397 2167 513 2208 summo.
600 2155 638 2211 47
664 2161 691 2210 et
712 2169 762 2227 per
781 2151 874 2208 littora
895 2159 923 2207 et
936 2167 986 2225 per
1001 2167 1080 2207 omne
1094 2165 1167 2207 mare

91 2235 222 2293 delatores
243 2234 368 2301 luerunt,
391 2253 448 2293 non
469 2236 560 2294 solum
581 2254 630 2311 per
651 2237 738 2295 loros.
826 2239 865 2295 50
889 2235 941 2292 hoc
962 2235 1097 2298 dicerent,
1120 2235 1165 2290 in-

90 2321 156 2395 quil,
179 2321 383 2378 calumniatores
405 2320 446 2378 vel
469 2321 617 2379 delatores:
638 2322 683 2379 hic
704 2322 764 2379 talis
785 2321 866 2395 piscis
887 2320 920 2377 de
934 2320 1033 2377 vivario
1049 2319 1166 2378 Caesaris

90 2405 196 2479 elapsus
218 2415 274 2470 est,
299 2415 327 2462 et
348 2406 411 2479 quia
431 2405 469 2462 ibi
489 2414 582 2480 pastus
605 2415 660 2469 est,
684 2408 779 2464 eodem
801 2405 882 2462 dehet
901 2405 1008 2461 reverti.
1126 2407 1164 2462 53

89 2490 223 2547 Pallurius
245 2490 323 2552 Sura,
346 2490 495 2547 consularis
516 2490 596 2556 lilius,
623 2490 675 2547 suh
697 2491 805 2547 Nerone
825 2489 943 2545 luctatus
965 2498 1007 2545 est
1028 2505 1089 2545 cum
1112 2487 1168 2543 vir-

89 2577 151 2649 gine
171 2576 380 2633 Lacedaemonia
403 2575 429 2630 in
452 2591 548 2648 agone.
570 2585 634 2650 post
654 2576 718 2632 inde
740 2591 755 2630 a
776 2572 938 2647 Vespasiano
961 2582 1057 2630 senatu
1078 2581 1167 2630 motus

90 2661 212 2717 transivit
240 2660 272 2716 ad
295 2659 405 2716 stoicam
427 2668 542 2732 sectam,
572 2661 598 2717 in
622 2677 675 2734 qua
696 2676 758 2717 cum
780 2657 946 2735 praevaleret
967 2669 993 2716 et
1015 2657 1168 2733 eloquentia

90 2756 118 2802 et
146 2746 211 2800 artis
241 2744 362 2818 poeticae
390 2744 489 2818 gloria,
517 2745 618 2802 abusus
639 2745 815 2802 familiaritate
837 2745 978 2802 Domitiani
999 2742 1168 2803 ¹acerbissime

90 2839 181 2905 partes
204 2829 342 2886 delationis
365 2830 493 2888 exercuit.
516 2848 570 2905 quo
598 2831 741 2889 interiecto
766 2840 862 2889 senatu
887 2840 1030 2889 accusante
1055 2831 1168 2888 damna-

91 2925 143 2978 tus,
164 2929 224 2971 cum
236 2914 331 2973 luisset
342 2915 412 2972 inter
428 2916 561 2974 delatores
647 2925 772 2992 potentes
788 2918 858 2991 apud
871 2917 1049 2975 Domitianum
1059 2917 1094 2982 hi,
1112 2921 1166 2973 Ar·

90 2999 216 3065 nullatus,
239 3001 431 3059 Demosthenes
454 3009 482 3059 et
502 3002 612 3060 Latinus
633 3003 812 3068 archimimus,
835 3001 906 3060 sicut
928 3004 1025 3061 ilarius
1039 3002 1168 3058 Maximus

90 3085 192 3143 scribit.
292 3090 331 3146 56
354 3105 388 3145 ne
410 3098 512 3163 pereat.
535 3089 608 3163 quod
630 3087 739 3146 distrahi
762 3105 818 3145 non
840 3096 940 3162 potest.
1032 3085 1169 3159 corrumpi

91 3169 123 3225 ab
145 3184 220 3228 aestu
243 3189 298 3229 non
320 3182 442 3246 poterat,
473 3174 534 3248 quia
557 3184 686 3231 autumno
709 3174 863 3231 discedente
883 3174 969 3231 hiems
990 3171 1072 3228 venit.
1097 3169 1168 3244 Virg.

91 3255 129 3328 [q.
152 3259 187 3318 4,
222 3255 291 3330 135]
317 3247 359 3314 ‘et
385 3276 447 3314 cum
477 3259 559 3316 tristis
581 3247 687 3317 hiems’.
796 3262 832 3317 57
857 3275 907 3332 per
928 3266 1087 3314 autumnum
1109 3270 1170 3311 nam

90 3339 203 3411 vigilant
231 3340 328 3396 morbi.
437 3344 476 3402 60
505 3343 533 3400 id
561 3353 603 3401 est
629 3360 691 3400 curn
720 3360 807 3417 prope
834 3342 909 3398 lacus
931 3341 1097 3397 Albanenses
1117 3340 1169 3396 iam

93 3423 209 3479 venisset
234 3424 361 3497 piscator.
492 3429 529 3485 61
555 3429 668 3486 liomani
695 3445 756 3484 eunt
778 3426 857 3483 'lullo
881 3425 994 3482 Hostilio
1023 3442 1087 3499 rege
1109 3441 1170 3482 cum

93 3508 238 3565 diruissent
252 3506 356 3581 Albam,
377 3527 452 3567 sacra
473 3511 578 3569 sublata
599 3515 710 3571 Romam
732 3511 929 3569 transtulerunt
950 3520 978 3568 et
999 3511 1064 3567 deos
1083 3527 1169 3586 pena·

92 3603 142 3651 tes.
166 3610 283 3668 quorum
305 3594 443 3669 penetrale
464 3605 518 3652 tam
540 3597 692 3655 venerabile
714 3596 909 3671 deprehensum
926 3604 975 3660 est,
1000 3606 1030 3654 ut
1044 3596 1169 3672 lapidatio

92 3679 125 3737 de
147 3679 221 3737 caelo
245 3679 353 3737 caderet
374 3697 454 3754 supra
476 3682 615 3739 memorati
636 3681 774 3756 ponderis.
796 3690 908 3756 propter
928 3682 1001 3757 quod
1016 3683 1169 3758 prodigium

178 3863 211 3914 45
230 3859 336 3913 Desinat
353 3864 381 3927 P,
400 3861 423 3914 si
440 3865 470 3914 ira
489 3861 582 3928 litura,
599 3865 810 3930 superscriptum
829 3864 980 3918 transmittit
1048 3867 1080 3917 st
1093 3865 1170 3917 litore

92 3929 162 3994 Ppr.
232 3932 263 3983 51
282 3928 434 3999 Iiespastum
448 3933 514 3992 Por.
591 3933 623 3983 53
641 3932 773 3999 paliuriosi
786 3934 818 3985 P:
836 3951 849 3986 r
865 3951 900 3986 aa
917 3935 927 3986 l
943 3931 1012 3996 feeit
1028 3937 1054 3984 ot
1071 3934 1094 3985 si
1112 3949 1171 3984 ara-

91 3997 130 4048 ste
143 4013 163 4065 p
231 4000 265 4052 59
282 3999 354 4052 uelut
372 4007 415 4053 w:
434 4001 477 4052 uel
494 4000 519 4051 P

157 4094 249 4143 llum
963 4088 984 4134 'i
