2528 4364
112 188 153 246 40
492 224 495 228 1
601 186 706 240 PERSll

116 360 217 423 dividit
238 361 270 421 iu
293 360 427 440 geminos
450 360 609 420 concordia
631 361 688 420 fata
711 361 847 433 duorum,

115 447 338 525 Saturnumque
361 463 478 525 gravem
503 455 605 506 nostro
628 445 696 505 love
719 445 883 523 frangimus
905 462 981 503 una:
1164 455 1194 505 50

116 531 218 592 nescio
241 532 321 610 quod
344 539 424 591 certe
447 530 593 609 estquod
616 548 663 591 me
685 529 738 591 tihi
761 538 906 608 temperat
928 537 1048 589 astrum.

158 616 237 676 mille
259 616 414 676 hominum
436 616 551 695 species
573 624 604 676 et
624 633 725 675 rerum
748 615 877 676 discolor
898 633 979 688 usus,

114 701 188 761 relle
210 719 297 761 suum
320 701 427 778 cuique
451 708 505 779 est,
529 719 584 761 nec
608 708 675 760 voto
698 700 802 760 vivitur
824 718 896 761 uno.

116 785 265 847 mercibus
286 786 334 846 hic
357 785 436 846 Italis
458 795 552 845 mutat
574 785 629 846 suh
652 785 714 845 sole
737 786 849 846 recenti

116 889 258 949 rugosum
282 871 369 950 piper
391 878 422 931 et
444 870 580 949 pallentis
602 889 693 949 grana
716 870 837 944 cumini,

117 956 165 1016 hic
187 964 269 1017 satur
291 955 410 1033 inriguo
434 956 544 1015 mavult
565 963 736 1034 turgescere
759 973 876 1027 somno,

117 1040 166 1101 hic
190 1059 295 1120 campo
319 1039 462 1119 indulget,
485 1041 567 1100 hunc
589 1041 649 1100 alea
673 1040 822 1119 decoquit,
845 1040 893 1100 ille

116 1125 147 1185 in
170 1143 308 1186 venerem
332 1125 443 1204 putris;
466 1125 517 1186 sed
540 1144 608 1186 cum
630 1125 762 1204 lapidosa
785 1126 925 1203 cheragra

116 1322 233 1388 possunt
253 1313 359 1386 gemini,
383 1321 513 1388 quantum
534 1321 625 1388 potest
647 1322 673 1370 ct
694 1313 763 1371 libra
785 1314 854 1370 circa
875 1313 1085 1370 mathematicos.
1130 1328 1195 1386 ergo

117 1408 165 1456 aut
191 1399 218 1455 in
247 1397 316 1456 libra
343 1416 436 1456 sumus
458 1399 514 1456 nati
535 1408 580 1455 aut
602 1399 628 1454 iu
652 1399 729 1472 siguo
753 1400 930 1473 geminorum,
959 1399 1055 1456 merito
1078 1413 1195 1454 concor-

117 1484 181 1540 dant
214 1500 301 1541 mores
333 1494 360 1541 et
391 1483 470 1540 animi
502 1485 597 1541 nostri.
641 1484 692 1540 suh
720 1485 831 1557 geminis
859 1484 929 1540 enim
952 1485 1006 1540 nati
1027 1483 1054 1538 in
1076 1482 1196 1539 amicitiis

116 1577 282 1643 permanent.
390 1571 416 1625 in
449 1569 556 1644 signum
590 1570 759 1644 geminorum
787 1570 839 1626 1515
870 1578 963 1626 nostra
985 1568 1084 1632 dividit,
1107 1569 1132 1624 id
1156 1575 1196 1624 est

117 1654 258 1711 dividendo
281 1655 429 1728 coniungit.
451 1672 545 1712 555555
567 1653 601 1710 ab
623 1654 734 1710 lloratio
759 1651 1112 1729 1555155[55.2,17,17]
1147 1669 1195 1710 555

115 1739 183 1795 111155
211 1756 259 1797 555
286 1756 329 1796 me
357 1740 480 1814 scorpius
508 1740 603 1814 aspicit
624 1734 836 1797 formidolosus'.
925 1742 963 1797 50
988 1739 1095 1796 Saturni
1118 1737 1194 1794 stella

115 1824 232 1882 malefica
261 1834 302 1882 est
330 1825 382 1881 illis
410 1842 528 1899 quorum
553 1823 668 1880 natalem
691 1823 760 1880 diem
781 1825 884 1899 aspicit,
907 1825 976 1881 lovis
998 1831 1088 1881 autem
1109 1822 1196 1880 bene·

116 1909 180 1977 lica,
212 1927 366 1985 quaecum
393 1910 546 1974 radiaverit,
576 1909 683 1965 Saturni
705 1916 808 1965 astrum
830 1909 939 1983 frangit.
1049 1909 1087 1967 52
1112 1907 1198 1965 varios

117 1994 238 2069 homines
261 1994 384 2069 exprimit
405 2001 433 2050 et
454 1994 529 2067 quasi
552 1993 724 2067 reprehendit
752 2004 779 2050 et
800 2005 831 2052 ut
856 1994 944 2051 vultus
967 2011 1025 2052 esse
1048 1993 1196 2058 dissimiles,

117 2081 154 2137 ita
175 2087 251 2135 actus
274 2080 392 2135 diversos
412 2095 471 2134 esse
487 2079 660 2135 demonstrat.
685 2089 714 2135 ut
730 2079 855 2137 Horatius
871 2079 936 2153 [sat.
953 2082 981 2145 2,
1002 2082 1027 2143 l,
1045 2077 1097 2154 27]
1112 2072 1199 2152 ‘quot

118 2164 234 2238 capitum
256 2163 357 2227 vivunt,
381 2163 493 2220 totidem
514 2163 666 2220 studiorum
687 2159 769 2221 milia'
791 2174 818 2222 et
832 2167 972 2222 Terentius
984 2163 1108 2239 [Phorm.
1124 2161 1196 2237 454]

111 2243 197 2324 ‘quot
225 2249 320 2322 capita,
350 2256 392 2305 tot
412 2243 581 2306 sentcntiae'.
690 2250 742 2307 hoc
765 2250 840 2307 dicit:
868 2267 929 2307 cum
952 2250 1038 2306 variae
1059 2249 1199 2304 hominum

118 2334 269 2392 voluntates
297 2334 351 2390 sint
373 2342 400 2390 et
422 2334 524 2390 diversa
554 2335 701 2409 proposita,
725 2337 857 2410 optimum
880 2343 1027 2399 55115551,
1050 2334 1125 2408 quod
1146 2333 1199 2390 im-

119 2418 200 2476 butus
223 2419 319 2477 hortor
341 2419 420 2476 etiam
442 2429 547 2477 ceteros
569 2419 702 2478 affectare.
811 2424 851 2479 54
875 2431 900 2477 51
922 2420 965 2478 1115
988 2429 1029 2476 551
1049 2436 1144 2476 555555
1167 2417 1199 2474 ab

117 2505 228 2563 Horatio
252 2513 354 2563 tractus
376 2504 441 2580 [sot.
461 2509 487 2571 1,
504 2509 533 2571 4,
550 2504 601 2580 29]
617 2499 677 2562 ‘hic
697 2515 785 2563 mutat
806 2522 909 2562 merces
934 2512 1063 2578 surgente
1084 2521 1100 2560 a
1121 2498 1199 2560 sole'.

117 2599 145 2649 51
173 2591 226 2648 hoc
254 2591 331 2648 dicit:
362 2591 434 2649 hunc
463 2591 596 2649 delectant
624 2591 790 2649 mercimonii
810 2591 893 2656 lucra,
926 2591 990 2647 dum
1012 2588 1074 2645 alias
1096 2605 1200 2646 merces

118 2675 175 2731 aliis
202 2675 335 2732 mercibus
362 2685 458 2732 mutat.
568 2679 607 2735 55
631 2686 672 2734 est
700 2679 771 2734 cuim
797 2676 963 2733 contrarium
988 2674 1121 2748 sanguini,
1145 2691 1199 2748 quo

118 2768 229 2833 accepto
263 2759 375 2816 tabescit
407 2762 515 2834 sanguis
548 2770 576 2818 ct
597 2763 716 2818 nascitur
737 2760 834 2835 pallor.
862 2761 935 2817 unde
957 2759 1084 2816 lloratius
1106 2757 1198 2833 [55151.

122 2848 146 2909 1,
168 2842 284 2918 19,17]
306 2837 399 2918 ‘quod
428 2845 451 2900 si
475 2844 602 2918 pallerem
632 2862 710 2911 casu,
742 2844 864 2901 biberent
885 2862 1019 2919 exsangue
1041 2839 1199 2901 cuminum'.

205 2931 244 2986 56
268 2938 299 2984 ut
327 2928 459 3001 Vergilius
488 2927 567 3004 [Aeo.
585 2932 613 2994 3,
632 2928 703 3004 511]
733 2930 798 2987 dixit
825 2946 920 2987 somno
948 2930 1054 3003 irrigari
1075 2946 1200 3005 corpora.

207 3017 244 3073 57
269 3013 337 3069 51155
366 3014 485 3070 studium
515 3014 586 3071 aleae
616 3014 729 3072 1551151
751 3031 781 3071 55
802 3013 922 3071 familiari
944 3015 1086 3090 555115155.
1130 3015 1202 3072 55115

120 3099 277 3157 decoctores
308 3115 398 3155 rerum
421 3115 530 3156 suarum
552 3099 705 3156 venditores
738 3099 849 3157 dicimus
876 3101 963 3158 alieno
993 3116 1053 3157 5555
1076 3108 1202 3173 cogente.

205 3187 244 3244 58
269 3183 335 3241 11155
365 3183 472 3241 assiduo
502 3185 576 3241 coitu
604 3185 708 3240 enervis
737 3185 860 3242 eflicitur.
895 3187 928 3242 ad
956 3185 1130 3242 concubitum
1157 3186 1202 3240 in·

119 3270 192 3327 utilis
228 3278 255 3328 et
287 3268 392 3326 solutus
426 3276 453 3325 et
480 3267 640 3326 libidinosus
671 3279 697 3327 et
721 3271 777 3345 ipsa
800 3288 830 3328 re
851 3271 982 3328 infirmus.
1005 3270 1103 3344 legitur
1126 3269 1201 3326 5115

121 3371 246 3412 venerem
269 3356 362 3430 putrit,
386 3355 413 3411 id
436 3363 477 3411 est
498 3355 636 3429 putrescit,
660 3355 811 3413 conficitur.
889 3356 1039 3431 lapidosam
1053 3355 1203 3428 chiragram

122 3439 186 3495 dicit
200 3440 370 3496 articularem
385 3439 510 3497 morbum
525 3456 661 3506 manuum,
685 3442 745 3515 quia
761 3440 970 3515 clriragricorum
986 3439 1091 3496 articuli
1106 3439 1203 3497 tuber-

23 3578 32 3591 ,
123 3522 183 3580 5515
209 3522 310 3582 habeut
332 3542 400 3600 quae
421 3525 516 3599 lapidis
539 3525 662 3582 duritiam
686 3534 825 3591 exercent,
856 3536 883 3584 et
904 3537 967 3584 suut
987 3542 1124 3582 ramorum
1147 3523 1203 3582 lere

121 3608 286 3665 tumidorum
308 3610 480 3667 similitudine
501 3627 589 3685 pares.
611 3609 710 3686 legitur
732 3621 760 3669 51
781 3610 917 3686 [fregerit]
947 3611 1105 3684 curvaverit,
1134 3610 1202 3667 sicut

121 3702 217 3750 ventus
246 3693 357 3752 arbores
386 3696 426 3752 vel
456 3712 546 3753 earum
572 3713 670 3753 ramos.

204 3873 390 3942 49111515515
452 3879 485 3930 51)
503 3877 589 3929 ionem
607 3884 631 3928 α
689 3877 767 3928 imam
786 3885 810 3928 α
873 3879 903 3929 51
924 3877 1062 3929 certumP
1119 3877 1203 3927 5415-

117 3941 150 3995 115
169 3949 194 3994 α
264 3947 296 3998 58
315 3945 459 4011 55515511)
473 3946 627 4013 5511115515
