2514 4350
470 211 564 264 LIBER
581 214 592 265 l
627 211 760 267 SATVRA
777 215 787 266 l

884 328 1236 408 wamy?

89 381 228 442 causidici
253 401 328 442 nova
351 400 417 442 cum
440 384 539 444 veniat
560 363 662 445 lectica
686 329 882 469 Mathonisp
862 402 977 501 asse,

87 467 206 551 plena
199 487 273 550 ipso,
296 469 467 546 posthunc
490 469 590 547 magni
612 470 725 531 delator
747 471 832 532 amici

88 562 118 611 et
141 553 199 612 cito
222 561 373 649 rapturus
363 553 609 699 Μῖὲιιιιιιι
620 573 737 617 comesa
1079 583 1084 593 ·
1137 628 1138 631 Ἴ

89 636 169 715 quod
191 647 337 717 superest
361 656 449 721 quem
503 658 566 700 assa
589 639 680 714 timet
704 659 793 719 quem
815 660 941 704 munere
962 645 1010 723 pal
1033 653 1062 705 at
1110 656 1115 681 ι

89 721 180 783 Carus
203 732 233 783 et
256 742 270 783 ι
293 723 409 802 trepido
433 723 574 820 Thymele
596 726 750 786 summissa
772 725 945 787 Latino?
1073 719 1167 774 ΛΜ

86 794 155 868 hum
178 815 207 868 te
230 817 434 869 summoveant
457 809 506 887 qui
530 818 705 870 testamenta
727 821 883 872 merentur
911 793 1096 847 w
1106 797 1155 864 7

89 892 267 966 noctibus,
261 913 290 954 ιιι
314 893 428 953 caelum
452 912 528 972 quos
550 895 647 955 evehit
669 896 779 974 optima
802 898 909 957 summi

89 996 171 1038 nunc
192 979 237 1038 via
259 997 426 1057 processus,
448 979 562 1039 vetulae
584 980 680 1040 vesica
703 979 829 1041 beatae?

88 1063 235 1123 unciolam
259 1063 432 1124 Proculeius
454 1063 551 1138 habet,
575 1064 626 1125 sed
649 1064 726 1126 Gillo
749 1066 905 1163 deuncem,
1131 1077 1162 1128 4)

88 1157 186 1227 partes
208 1149 334 1227 quisque
357 1166 425 1209 suas
447 1148 483 1208 ad
505 1167 675 1211 mensuram
698 1151 829 1228 inguinis
852 1132 954 1219 heresl

89 1233 212 1314 accipiat
234 1251 305 1294 sane
328 1233 496 1304 mercedem
518 1235 673 1332 sanguinis
695 1244 725 1296 ιι
747 1236 790 1296 sic
808 1220 951 1320 piam.)
938 1228 1021 1280 luo
1036 1216 1115 1330 Q
1135 1218 1240 1280 Ηώί

88 1318 203 1397 palleat,
227 1328 260 1377 ut
282 1318 369 1379 nudis
392 1318 500 1397 pressit
522 1320 572 1397 qui
596 1319 727 1382 calcibus
748 1339 885 1399 anguem,
927 1384 940 1410 7

90 1413 138 1464 aut
160 1402 412 1484 Lugudunensem
435 1403 539 1463 rhetor
560 1405 694 1466 dicturus
715 1406 751 1465 ad
774 1423 864 1477 aram
889 1400 997 1462 ια”έω
1017 1382 1140 1489 «ιιι
1141 1431 1213 1451 κν

90 1488 159 1568 quid
181 1489 308 1549 referam
331 1497 441 1566 quauta
464 1488 575 1550 siccum
598 1489 681 1550 iecur
702 1490 831 1550 ardeat'
824 1508 876 1562 rra,
1083 1514 1089 1525 ’
1131 1502 1160 1551 45
1226 1526 1229 1533 ·

90 1592 155 1634 cunr
178 1573 323 1653 populum
345 1573 487 1670 gregibus
508 1573 649 1634 comitum
673 1574 781 1671 premit
802 1575 851 1634 hic
873 1574 1016 1653 spoliator
1038 1564 1058 1623 d

91 1658 192 1737 pupilli
214 1659 377 1737 prostantis
399 1668 429 1719 et
451 1658 498 1719 hic
521 1659 707 1719 damnatus'
699 1659 782 1719 urani
863 1709 913 1772 lm
925 1685 1038 1763 Μ
1061 1698 1215 1764 Μ,

91 1741 219 1804 iudicio?
242 1744 311 1823 quid
337 1744 415 1804 enim
440 1744 555 1805 salvis
548 1763 578 1804 rn
581 1745 667 1804 lamia
691 1741 875 1824 nummis?
926 1781 1079 1840 wat«

91 1828 155 1888 exul
177 1829 213 1888 ab
237 1837 337 1888 octava
360 1823 474 1889 Marius
492 1828 567 1890 bibit
554 1837 617 1890 tet
639 1829 749 1889 lruitur
771 1829 963 1942 disQ
926 1776 1245 1973 mztnffaffl

92 1913 176 1985 hatis
200 1922 230 1973 at
251 1922 284 1973 tu
306 1913 411 1974 victrix
432 1913 584 1993 provincia
606 1914 716 1993 ploras.

174 2070 212 2127 33
236 2068 410 2124 Heliodorum
432 2068 565 2143 significat
586 2068 732 2126 delatorem
754 2069 795 2125 vel
818 2077 923 2125 ceteros
946 2067 1087 2125 delatores.
1123 2069 1162 2124 sic

93 2152 124 2208 Hi
145 2161 249 2226 partem
272 2154 410 2210 maximam
431 2156 661 2227 proscripserunt,
684 2172 716 2210 ex
731 2170 848 2228 quorum
862 2152 941 2209 bonis
956 2153 1041 2210 multa
1056 2153 1162 2229 diripu-

93 2247 176 2295 erunt.
295 2239 468 2296 Heliodorum
491 2239 554 2295 dicit
575 2239 691 2296 stoicum
711 2239 912 2312 philosophum,
936 2238 1034 2312 quib.
1056 2239 1162 2296 lunium

94 2323 206 2380 lilanum
229 2323 388 2396 discipulum
412 2341 491 2380 suurn
513 2341 575 2380 cum
596 2333 755 2398 argueretur
783 2323 990 2388 coniurationis,
1020 2323 1162 2382 infitiatum

94 2409 260 2466 lomesticam
282 2408 443 2466 delationem
464 2410 542 2466 etiam
566 2409 717 2466 testimonio
740 2409 884 2483 oppressit.
905 2408 949 2464 alii
970 2407 1163 2482 philosophum

95 2494 190 2550 lraiani
213 2494 314 2557 dicunt,
339 2495 384 2568 qui
405 2495 514 2550 Baream
535 2503 687 2550 senatorem
709 2494 806 2550 detulit
827 2503 854 2550 et
875 2494 1017 2549 damnavit.
1039 2494 1163 2551 nonnulli

95 2580 248 2636 lemetrium
270 2579 433 2635 causidicum
455 2579 558 2643 dicunt,
582 2580 628 2652 qni
650 2579 751 2635 multos
773 2579 874 2636 Neroni
896 2577 1000 2635 detulit.

96 2665 220 2721 loranum
242 2666 349 2720 Baream
373 2663 448 2720 Celer
470 2663 647 2737 philosophus
669 2665 796 2737 magister
823 2664 906 2736 ipsius
935 2663 1006 2736 apud
1028 2663 1163 2722 Neronem

97 2749 186 2806 ‚celere
208 2749 347 2806 delationis
369 2749 477 2820 occidit,
501 2748 606 2822 etipse
626 2759 721 2822 postea
741 2749 792 2806 snb
816 2749 979 2824 Vespasiano
1003 2749 1055 2806 hoc
1075 2750 1163 2824 ipsum

97 2834 210 2890 lusorio
232 2834 302 2890 Rufo
325 2844 469 2892 accusante
492 2835 632 2891 damnatus
654 2843 704 2891 est.
803 2837 841 2894 35
865 2834 950 2890 Hassa
972 2835 1058 2892 morio
1080 2835 1163 2893 fuisse

98 2919 198 2984 licitur,
229 2929 257 2976 et
285 2919 368 2977 Carus
391 2937 491 2985 nanus,
522 2919 633 2977 Latinus
659 2936 724 2976 vero
752 2929 828 2976 actor
855 2920 986 2977 mimicus.
1015 2921 1043 2976 hi
1070 2936 1163 2978 omnes

98 3003 198 3060 leronis
221 3004 332 3062 luerunt
352 3004 442 3062 liberti
464 3014 493 3061 et
514 3004 625 3062 deliciae
648 3007 779 3078 Augusti,
811 3005 858 3061 sed
881 3014 909 3062 et
936 3005 1090 3080 nequissimi
1112 3007 1162 3064 de-

98 3097 192 3146 ctores.
222 3090 332 3147 Latinus
354 3100 443 3148 autern
471 3089 567 3147 mimus
596 3091 672 3164 quasi
699 3091 823 3146 conscius
852 3090 976 3147 adulterii
998 3088 1161 3158 Messalinae,

99 3175 164 3231 nori
178 3175 300 3241 Neronis,
324 3178 357 3232 ab
379 3177 438 3250 ipso
462 3175 566 3232 occisus
589 3184 638 3231 est.
662 3174 746 3231 Hassa
766 3183 855 3231 autem
877 3185 904 3231 et
920 3175 1001 3231 (larus
1016 3173 1162 3231 Heliodoro

99 3259 225 3316 lelcrente
248 3260 329 3317 occisi
357 3270 430 3317 sunt.
459 3261 535 3317 cuius
562 3259 682 3317 futuram
704 3259 865 3316 delationem
886 3261 921 3315 ita
944 3258 1109 3324 metuebant,
1132 3268 1163 3317 ut

99 3344 111 3396 ιι
133 3359 245 3398 munera
267 3344 371 3401 darent.
394 3362 455 3401 nam
476 3345 585 3402 Latinus
607 3345 704 3400 mimus
722 3343 867 3418 Thymelen
882 3343 988 3398 mimam
1010 3345 1163 3403 summitte·

100 3435 132 3481 iat
154 3426 188 3481 ad
210 3427 394 3500 mitigandum.
481 3433 520 3489 43
545 3431 625 3486 nimia
646 3431 734 3486 coitus
755 3428 864 3484 libidine
884 3427 1021 3501 fatigatus,
1044 3439 1091 3487 aut
1113 3448 1162 3488 ex-

100 3511 238 3568 ·ectatione
260 3511 422 3576 hereditatis,
445 3523 492 3572 aut
512 3522 586 3572 metu
607 3515 740 3572 adulterii.
890 3514 928 3570 47
953 3530 1009 3569 non
1030 3516 1163 3591 ademptis

101 3597 175 3653 onis.
198 3597 232 3655 de
254 3614 286 3654 eo
308 3597 350 3653 ius
373 3597 469 3656 dicitur
490 3600 649 3658 sinclitium
665 3599 858 3656 aestimatione.
944 3600 984 3656 49
1002 3601 1048 3673 qui
1062 3601 1161 3661 iudicio

102 3683 223 3748 acabant,
247 3682 348 3738 decima
370 3683 436 3740 hora
459 3682 600 3741 cenabam.
622 3685 666 3740 hic
688 3683 758 3740 enim
779 3682 812 3738 ab
835 3690 935 3739 octava.

171 3833 204 3884 35
223 3846 273 3898 que
291 3845 395 3882 munere
413 3833 444 3883 P:
464 3833 516 3898 qne
534 3847 604 3883 corr.
620 3847 639 3896 p
709 3830 798 3898 palpat
816 3847 867 3883 om.
885 3831 984 3884 Padd.
1003 3833 1083 3898 longo
1101 3850 1162 3885 ucr-

101 3901 162 3965 ro'p
216 3901 249 3951 38
267 3899 523 3966 NontihiPcorr.p
576 3902 611 3952 44
628 3898 831 3965 lngadnuensem
849 3916 927 3952 erasa
945 3903 1005 3952 uP
1070 3902 1162 3952 noste-

101 3980 144 4019 ιιιιι
162 3973 210 4018 aut
228 3983 317 4020 sucum
334 3969 401 4035 Ppr.
506 3971 538 4021 47
558 3968 711 4037 prostrantis
724 3969 794 4037 Ppr.
875 3971 952 4020 eaba
965 3970 1183 4025 exsuperem—u

132 4058 226 4102 Edffl
968 4049 989 4094 ‘a
