2528 4364
121 197 162 256 74
569 196 742 249 tvvttrtttts

120 373 193 432 haec
217 370 301 442 emis,
324 367 438 428 hirsuto
461 369 576 447 spirant
599 368 787 449 opobalsama
811 370 888 432 collo

121 474 196 536 quae
218 453 293 516 tibi?
317 473 354 515 ne
378 453 486 530 pudeat
509 454 662 515 dominum
686 464 851 517 monstrare
874 456 1025 518 tabernae.

121 541 199 620 quod
224 541 248 601 si
270 546 413 600 vexantur
435 538 515 616 leges
537 558 571 601 ac
593 540 667 613 iura,
691 541 774 600 citari

123 635 192 688 ante
216 643 320 686 omnes
342 623 430 683 debet
452 623 613 685 Scantinia.
658 626 773 704 respice
796 626 924 705 primum

122 720 151 772 et
174 719 306 772 scrutare
329 710 415 769 viros.
460 708 573 770 laciunt
594 710 624 770 hi
647 710 742 789 plura,
765 711 816 772 sed
839 711 904 771 illos

122 796 254 856 defendit
275 812 419 855 numerus
441 794 620 874 iunctaeque
642 795 772 856 umbone
795 796 966 874 phalanges.

122 899 228 960 magna
250 880 329 941 inter
351 878 454 940 molles
476 881 645 941 concordia.
691 900 752 941 uon
777 881 833 941 erit
854 881 946 941 ullum

124 965 290 1044 exemplum
312 966 342 1025 in
368 975 470 1025 nostro
493 973 553 1025 tam
576 964 747 1027 detestabile
770 984 851 1026 sexu.

123 1052 214 1112 Mevia
238 1069 299 1110 non
322 1049 424 1109 lambit
446 1049 575 1111 Cluviam
598 1069 654 1111 nec
678 1051 764 1111 Flora
788 1051 943 1112 Catullam:

122 1137 214 1215 Hispo
238 1135 318 1196 subit
339 1136 461 1195 iuvenes
483 1144 513 1196 et
533 1136 638 1196 morbo
662 1136 752 1215 pallet
774 1144 910 1215 utroque.

125 1220 267 1298 numquid
292 1238 347 1280 uos
370 1220 483 1296 agimus
505 1239 617 1294 causas
640 1221 734 1282 civilia
756 1221 820 1282 iura

122 1306 258 1366 novimus
281 1314 332 1365 aut
354 1305 414 1365 ullo
437 1307 562 1384 strepitu
584 1308 648 1367 lora
670 1313 766 1367 vestra
788 1303 961 1366 movemus?

122 1392 274 1452 luctantur
297 1408 416 1468 paucae,
441 1392 602 1451 comedunt
623 1391 759 1472 colyphia
782 1409 902 1469 paucae.

123 1495 173 1536 vos
194 1475 291 1534 lanam
313 1475 429 1536 trahitis
451 1476 631 1554 calathisque
654 1484 771 1556 peracta
794 1474 910 1536 relertis

122 1561 238 1634 vellera,
260 1579 311 1620 vos
333 1562 416 1621 tenui
439 1571 653 1639 praegnantem
676 1562 801 1623 stamine
825 1562 923 1621 fusum

122 1645 272 1724 Penelope
295 1646 408 1721 melius,
431 1646 522 1707 levius
543 1647 688 1726 torquetis
711 1647 856 1721 Arachne,

123 1731 242 1792 horrida
266 1731 351 1809 quale
373 1730 442 1792 lacit
464 1731 598 1792 residens
619 1732 649 1792 in
674 1732 776 1792 codice
798 1731 910 1809 paelex.

124 1827 227 1877 notum
252 1826 296 1878 est
317 1835 373 1877 cur
395 1818 458 1877 solo
481 1815 595 1877 tabulas
617 1816 775 1895 inpleverit
796 1816 896 1876 Hister

122 1902 238 1975 liberto,
262 1901 376 1962 dederit
396 1900 477 1962 vivus
500 1920 553 1961 cur
576 1901 667 1961 multa
689 1901 813 1980 puellae.

123 1988 203 2047 dives
225 1987 281 2046 erit
304 2004 412 2064 magno
436 2003 511 2064 quae
534 1986 643 2046 dormit
664 1987 749 2046 tertia
772 1986 860 2046 lactc.

123 2081 155 2131 tu
180 2069 259 2131 nube
282 2079 370 2147 atque
392 2077 471 2129 tace:
495 2068 608 2130 donant
629 2089 736 2131 arcana
760 2071 919 2150 cylindros.

123 2155 159 2216 de
183 2155 270 2215 uobis
292 2154 453 2233 posthaec
477 2154 569 2216 tristis
591 2156 737 2217 sententia
761 2153 877 2216 lertur‘l

122 2240 171 2300 dat
192 2240 305 2300 veniam
329 2239 434 2314 corvis,
456 2249 540 2300 vexat
561 2259 686 2302 censura
709 2231 878 2302 columbas.³

121 2363 189 2428 simi,
211 2363 287 2435 prior
303 2378 408 2428 censor,
431 2362 566 2435 posterior
582 2380 667 2437 nepos
681 2363 774 2437 ipsius,
798 2362 844 2436 qui
867 2362 901 2418 de
922 2360 1016 2416 mortis
1029 2359 1091 2416 loeo
1107 2359 1196 2416 dictus

121 2458 161 2506 est
176 2447 306 2505 Vticensis
329 2448 403 2504 Cato.
491 2452 531 2506 44
554 2449 595 2504 lex
619 2449 651 2505 de
673 2449 815 2505 infamibus
838 2446 989 2520 puniendis.
1077 2445 1118 2501 46
1134 2446 1197 2520 quia

120 2534 297 2599 multisunt,
331 2534 390 2590 ideo
418 2549 473 2589 non
501 2542 670 2591 accusantur.
699 2543 730 2590 ut
752 2535 874 2590 Lucanus
897 2531 936 2606 [6,
961 2529 1034 2605 260]
1052 2519 1197 2606 ‘quicquid

120 2620 211 2678 multis
233 2627 369 2693 peccatur,
393 2618 509 2675 inultum
532 2607 598 2676 est'.
729 2623 767 2677 50
792 2627 820 2675 et
840 2618 943 2692 patitur
965 2623 992 2672 et
1013 2615 1115 2672 lambit.

208 2705 246 2761 53
269 2703 430 2760 athletarum
452 2704 541 2760 cibum
563 2704 636 2761 dicit.
724 2706 763 2763 56
786 2703 909 2760 Arachne
931 2701 1006 2775 virgo
1021 2701 1103 2775 Lydia
1124 2700 1196 2757 lani-

121 2788 180 2858 fica,
204 2804 283 2860 quam
306 2788 421 2843 llinerva
443 2806 492 2861 pro
515 2789 629 2854 invidia,
654 2789 780 2864 quoniam
802 2805 866 2846 ausa
887 2787 937 2845 luit
959 2787 987 2841 in
1009 2795 1144 2844 certamen
1166 2804 1196 2844 se

121 2887 279 2947 provocare,
302 2872 330 2927 in
352 2888 475 2928 araneam
497 2875 638 2930 convertit.
727 2878 763 2934 57
788 2891 886 2948 magno
910 2872 971 2929 odio
987 2870 1102 2928 habetur
1124 2872 1196 2945 apud

119 2974 232 3015 uxorem
255 2973 376 3030 eaquae
399 2957 507 3014 domino
529 2959 665 3016 miscetur.
688 2977 752 3034 ergo
775 2961 844 3016 hanc
865 2960 1009 3032 insequens
1028 2955 1195 3031 gravioribus

120 3044 216 3119 poenis
238 3042 344 3099 domina
373 3050 465 3099 catena
494 3044 608 3101 vinctam
637 3045 723 3119 infigit
744 3046 830 3102 codici
851 3053 932 3118 atque
953 3044 989 3100 ita
1011 3041 1085 3099 iubet
1106 3041 1196 3098 lacere

120 3146 213 3205 pensa.
315 3129 354 3186 58
377 3128 467 3184 llister
482 3129 588 3202 quidam
602 3129 716 3195 infamis,
741 3131 787 3203 qui
810 3147 889 3186 omne
902 3128 1093 3202 patrimonium
1114 3144 1194 3184 suum

120 3216 194 3271 vivus
216 3215 325 3271 donavit
345 3214 432 3270 uxori.
462 3214 497 3270 ob
525 3213 594 3270 hano
622 3215 723 3272 scilicet
744 3231 859 3279 eausam,
883 3222 913 3271 ut
934 3213 1013 3270 simul
1036 3212 1151 3270 dormiat
1172 3213 1195 3268 is

121 3300 167 3375 qui
190 3309 217 3357 et
238 3300 312 3356 illum
335 3307 522 3374 corrumperet
548 3309 576 3356 et
597 3299 634 3355 illi
656 3292 823 3356 misceretur.
954 3301 993 3356 60
1017 3316 1086 3373 quae
1108 3298 1196 3354 videat

120 3387 257 3460 corrumpi
278 3401 370 3442 senem
392 3396 418 3442 et
440 3393 526 3441 taceat
547 3384 692 3458 cupiditate
707 3382 830 3440 habendi.
913 3373 1015 3441 ‘tertia
1039 3391 1085 3442 aut
1101 3381 1195 3440 ordine

122 3477 169 3524 aut
190 3488 288 3528 nomen
310 3471 449 3545 proprium
472 3479 522 3534 est,
545 3476 576 3525 ut
596 3477 674 3543 putat
695 3467 811 3525 Probus.
835 3478 863 3526 et
885 3468 984 3526 dormis
1007 3469 1107 3526 eteris
1129 3467 1195 3542 legit

120 3555 252 3610 secundae
273 3551 421 3628 personae’
449 3555 539 3613 Vallo.
671 3556 707 3612 61
733 3569 849 3626 gemmas
871 3554 1086 3628 pretiosissimas.

206 3640 244 3696 63
268 3642 440 3712 proverbium
463 3649 512 3697 est.
599 3638 722 3695 discrevit
743 3655 837 3695 sexum
858 3657 906 3713 per
923 3657 993 3697 aves.

205 3754 239 3804 43
257 3756 359 3803 acturae
378 3754 443 3819 Ppr.
462 3755 559 3817 (acture
578 3754 673 3803 lemma
691 3751 720 3818 ὁ)
739 3755 766 3804 at
782 3752 836 3804 iure
855 3753 967 3805 Iahnius
1062 3755 1096 3805 44
1114 3751 1195 3818 respi-

122 3834 180 3872 cere
198 3821 265 3886 Ppr.
358 3823 390 3872 45
409 3822 434 3872 hi
454 3826 539 3873 totum
556 3823 585 3871 in
604 3821 689 3871 litura
706 3822 743 3876 P.
761 3820 853 3873 malim
871 3821 968 3872 iaciunt
986 3821 1073 3887 peiora
1160 3821 1194 3871 49

120 3886 205 3940 Meuia
219 3903 253 3954 p:
272 3884 357 3938 llledin
375 3890 398 3939 Ρ
413 3886 492 3941 Tedia
512 3895 542 3939 ω
555 3886 636 3941 Vedio
649 3889 817 3940 dermannus
885 3891 918 3941 tt
931 3886 1020 3953 Hispo]
1033 3888 1057 3941 is
1068 3891 1098 3939 in
1110 3888 1195 3939 litura

120 3957 144 4007 Ρ
158 3956 241 4025 llippo
260 3956 354 4006 lemma
374 3955 394 4007 S
410 3955 507 4023 llisppo
527 3955 740 4009 Vindobonensie
809 3957 842 4008 52
860 3954 987 4010 lllouimus
1006 3957 1074 4023 Ppr.
