2528 4364
138 207 172 259 lV
585 201 769 256 PRAEFATIO

139 376 317 441 stituendam
341 396 404 438 esse
426 376 623 438 demonstravi
646 377 688 454 (in
711 377 784 438 actis
806 392 873 437 soc·
890 375 944 436 litt.
959 376 1115 436 saxonicae
1134 375 1221 438 1851

140 500 168 560 r·
193 481 343 558 aaasqq.)

268 579 388 642 Flavius
415 579 508 641 ladius
535 579 732 659 erfotu'anua
755 578 879 640 Sabinus
901 599 928 638 o.
951 597 973 638 c.
996 587 1139 658 protector
1171 578 1225 638 do·

269 688 400 743 meoticas
426 687 564 762 temptavi
589 684 738 744 emendare
766 686 827 742 siae
863 679 1033 760 aotiprapbo
1066 698 1163 740 aarum
1197 689 1226 740 et

269 787 407 847 adnotavi
427 785 591 846 Barcallone
612 805 680 847 coss.
704 787 748 846 dd.
773 804 823 846 nn.
849 783 969 845 Arcadio
992 795 1019 844 et
1034 771 1164 844 Honorio
1189 781 1221 842 V.

142 889 246 949 eodem
268 907 348 960 anno
372 891 434 951 402
450 908 480 968 p.
497 887 564 949 Chr.
588 908 618 948 n.
642 888 770 950 Sabinus
792 887 944 965 trigesimo
967 887 1068 948 aetatis
1091 894 1120 945 et
1142 884 1227 945 mili-

141 991 198 1051 tiae
228 992 333 1069 quinto
363 991 486 1052 Tolosae
515 991 603 1051 etiam
626 992 755 1051 Nonium
782 985 886 1070 ‘prout
906 989 1003 1069 potuit
1025 977 1227 1049 emendarit'.

142 1093 320 1172 subscriptio
344 1094 435 1155 Persii
457 1094 488 1154 in
512 1094 628 1155 duobus
650 1094 802 1154 codicibus
830 1094 945 1172 depicta
973 1092 1082 1170 legitur
1104 1091 1227 1152 Monte-

145 1195 304 1273 pessulano
325 1203 412 1272 atque
435 1195 581 1255 Romano.

229 1297 253 1356 A
281 1296 558 1374 Montepessulanus
591 1297 622 1356 in
650 1296 856 1357 bibliothecam
891 1295 1008 1357 scholae
1041 1292 1175 1355 medicae
1210 1315 1228 1356 e

144 1396 328 1459 bouheriana
351 1399 524 1473 translatus,
549 1416 673 1459 numero
697 1400 759 1462 212
782 1406 903 1459 notatus
924 1397 1082 1476 (catalogue
1102 1397 1229 1476 pe'oe'ral

144 1501 191 1562 des
205 1520 270 1561 mss.
286 1500 299 1561 l
313 1520 344 1580 p.
361 1502 434 1578 371)
458 1503 488 1561 in
505 1501 684 1562 membranis
707 1501 824 1562 saeculo
841 1499 956 1561 decimo
972 1501 1102 1579 scriptus
1117 1500 1228 1575 fertur,

144 1612 297 1664 correctus
319 1621 334 1663 a
357 1603 486 1664 secunda
508 1622 608 1676 manu,
631 1603 723 1676 auius,
748 1605 867 1682 quando
891 1621 966 1681 opus
987 1602 1052 1674 fuit,
1079 1601 1229 1665 lectiones

144 1704 281 1764 adnotavi
303 1705 353 1782 (a).
398 1706 531 1766 continet
552 1706 699 1778 Nonium,
724 1706 873 1778 Persium,
897 1704 1039 1765 Prisciani
1062 1721 1166 1765 versus
1190 1707 1229 1766 de

144 1817 185 1868 eat
206 1818 232 1869 et
253 1825 320 1868 ooo.
366 1809 585 1869 accuratissime
608 1807 644 1867 ab
660 1807 764 1868 Adollo
788 1807 935 1867 Michaelis
958 1825 1037 1867 anno
1056 1809 1137 1870 1857
1162 1808 1229 1868 col-

145 1909 235 1970 latum
262 1909 362 1971 babui.

230 2013 254 2073 B
276 2013 367 2071 codex
391 2012 421 2072 in
444 2011 589 2072 tabulario
613 2011 748 2072 basilicae
772 2011 928 2072 Vaticanae
950 2020 1100 2084 servatur,
1131 2011 1229 2072 inter-

144 2114 269 2174 cedente
293 2113 453 2175 Niebubrio
478 2115 508 2174 in
531 2133 618 2175 usum
635 2114 797 2174 Heinricbii
820 2115 890 2175 satis
912 2113 1069 2194 diligenter
1091 2113 1228 2189 collatus,

145 2217 229 2277 cuius
251 2215 350 2276 denuo
373 2215 550 2295 inspiciendi
573 2218 657 2296 copia
680 2236 779 2296 neque
801 2217 872 2277 mibi
888 2217 998 2277 Romae
1018 2216 1147 2278 versanti
1172 2237 1228 2278 ne·

146 2337 203 2398 que
227 2320 389 2380 amicorum
412 2320 660 2399 discipuloramre
684 2320 734 2381 ulli
758 2321 890 2399 quamvis
905 2321 995 2381 multa
1011 2319 1230 2398 temptantibus

144 2439 284 2500 umquam
307 2423 382 2482 facta
406 2430 459 2483 est.

232 2525 387 2604 utriusque
409 2524 519 2586 codicis
542 2525 664 2599 librarii,
688 2543 763 2603 quos
786 2525 859 2585 nibil
882 2543 984 2584 eorum
1009 2542 1083 2602 quae
1099 2522 1230 2602 scripse-

147 2636 218 2685 runt
241 2627 420 2688 intellexisse
443 2628 561 2700 credas,
592 2627 784 2688 ridiculorum
806 2628 944 2688 vitiorum
975 2627 1084 2705 largam
1108 2626 1228 2703 copiam

146 2735 205 2787 tam
229 2728 354 2788 fideliter
375 2730 653 2808 transscripserunt,
675 2739 709 2790 ut
731 2730 840 2808 ubique
862 2730 925 2788 fere
941 2746 1106 2789 consensus
1121 2747 1230 2790 eorum

147 2829 324 2890 indicandus
352 2839 429 2891 esset
459 2832 520 2906 (a),
556 2849 645 2909 quem
673 2831 715 2891 eis
750 2848 870 2908 quoque
899 2830 971 2890 locis
1005 2829 1231 2892 subnotandum

147 2931 257 3008 putavi,
282 2931 390 3009 quibus
413 2931 483 3009 quid
506 2932 637 2991 radendo
660 2931 716 2991 iam
740 2931 869 2992 deletum
892 2931 961 2990 olim
984 2930 1014 2989 in
1038 2931 1062 2990 A
1083 2930 1231 3008 scriptum

149 3033 278 3094 extiterit
301 3043 380 3094 certa
403 3035 574 3095 coniectura
596 3035 713 3113 assequi
735 3035 848 3095 liceret.
892 3033 1058 3095 dissensum
1080 3034 1230 3108 adnotavi,

148 3134 330 3214 ubicumque
358 3136 481 3197 alicuius
501 3136 536 3195 ad
567 3136 698 3197 criticam
722 3137 909 3197 iactitandam
938 3155 1009 3197 usus
1031 3154 1094 3197 esse
1116 3151 1231 3215 posset.

149 3237 189 3297 ita
211 3238 319 3299 factum
344 3248 388 3299 est
411 3249 443 3299 ut
466 3263 486 3300 α
509 3238 572 3299 eius
599 3239 724 3313 codicis,
753 3237 833 3299 unde
862 3238 1000 3317 descripti
1023 3249 1094 3300 sunt
1115 3239 1164 3299 AB
1187 3277 1231 3286 -

150 3357 219 3399 nam
243 3350 384 3402 neutrum
407 3360 442 3401 ex
465 3342 557 3401 altero
580 3341 760 3420 descriptum
785 3360 849 3402 esse
871 3342 1036 3403 accuratius
1058 3341 1232 3421 inspicienti

149 3442 263 3519 patebit
290 3478 331 3488 —
360 3444 430 3506 satis
461 3452 629 3504 accuratam
660 3445 817 3524 imaginem
849 3445 959 3505 reddat.
1002 3445 1091 3505 buius
1117 3445 1232 3510 codicis

150 3553 196 3603 tot
218 3554 337 3624 tamque
360 3546 516 3626 pudendos
538 3564 656 3608 errores
672 3546 782 3608 Sabino
809 3547 955 3627 imputare
981 3548 1117 3626 iniquum
1141 3548 1232 3610 foret.

151 3643 261 3705 librum
280 3647 407 3725 aliquem
430 3648 581 3709 continuis
596 3648 701 3709 litteris
720 3667 782 3708 non
799 3649 837 3709 ita
854 3649 991 3710 distincte
1006 3649 1124 3729 scriptis
1139 3649 1234 3710 inter-

152 3745 222 3807 dum
247 3750 333 3809 etiam
358 3749 491 3812 obscuris
513 3760 662 3812 exaratum
685 3752 756 3812 haec
777 3751 846 3812 vitia
874 3751 951 3830 apud
980 3750 1118 3812 indoctos
1139 3751 1232 3813 libra-

153 3849 215 3910 rios
237 3869 409 3930 procreasse
432 3853 516 3914 facile
546 3854 744 3933 intellegitur,
774 3854 825 3931 qui
855 3864 999 3932 quantum
1027 3854 1063 3914 ab
1095 3856 1232 3934 exemplo

152 3951 315 4014 Sabiniano
338 3955 434 4028 distet,
457 3955 523 4034 quis
544 3955 663 4016 tandem
685 3953 840 4018 aestimet?
