2528 4364
460 214 554 268 LIBER
571 216 582 268 l
617 215 748 268 surum
766 216 787 269 11

85 394 174 465 atque
196 405 256 448 una
277 387 405 448 transire
426 388 531 449 vadum
553 397 597 449 tot
618 388 697 449 milia
720 388 825 449 cumba

85 490 142 533 nec
164 472 251 551 pueri
273 473 408 547 credunt,
431 473 488 534 nisi
511 473 562 551 qui
585 473 719 534 nondum
741 492 809 534 aere
831 473 973 535 lavantur.

84 557 136 618 scd
159 567 192 618 tu
214 575 282 617 vcra
305 565 386 637 puta.
432 558 537 619 Curius
561 558 630 636 quid
653 558 744 619 sentit
768 568 797 618 et
819 557 905 619 ambo

83 641 247 721 Scipiadae,
271 643 340 720 quid
365 643 516 705 Fabricius
539 661 699 721 manesque
722 643 844 714 Camilli,

84 728 155 805 quid
180 727 335 789 Cremerae
358 728 435 806 legio
459 736 488 788 et
511 727 620 789 Cannis
643 738 817 808 consumpta
841 729 987 800 iuventus,
1116 739 1158 789 155

83 820 129 873 151
151 812 297 873 bellorum
321 813 443 885 animae,
468 813 606 891 quotiens
627 813 698 874 hinc
720 813 786 874 talis
809 815 844 873 ad
868 813 933 874 illos

84 897 190 959 umbra
212 896 315 958 venit?
338 907 484 977 cuperent
505 897 634 972 lustrari,
658 899 682 960 si
705 918 763 977 qua
785 899 927 960 darentur

83 984 207 1062 sulpura
230 1000 297 1044 cum
319 983 412 1044 taedis
434 984 510 1044 etsi
532 985 611 1044 foret
632 984 728 1044 umida
751 985 861 1045 laurus.

83 1067 145 1129 11115
165 1069 225 1129 heu
249 1068 349 1129 miseri
371 1068 563 1130 traducimur.
608 1087 689 1129 arma
713 1071 831 1149 quidem
854 1069 931 1129 ultra

83 1154 171 1214 litora
194 1153 337 1214 Iuvernae
359 1154 561 1233 promovimus
584 1162 613 1214 et
634 1153 723 1222 modo
747 1164 846 1234 captas

84 1237 215 1299 Orcadas
237 1256 271 1298 55
294 1238 416 1299 minima
439 1247 596 1300 contentos
619 1248 707 1300 nocte
730 1240 898 1312 Britannos,

84 1323 136 1384 sed
159 1341 235 1401 quae
258 1342 340 1385 nunc
361 1324 464 1403 populi
487 1325 564 1384 fiunt
585 1324 706 1385 victoris
728 1325 758 1385 in
783 1323 866 1397 urbe,

85 1427 145 1469 non
170 1408 284 1469 iaciunt
306 1408 347 1468 illi
370 1427 445 1486 quos
467 1409 599 1469 vicimus.
645 1416 793 1469 ettamen
818 1426 896 1469 unus

84 1493 243 1554 Armenius
266 1492 383 1554 Zalaces
406 1493 521 1553 cunctis
544 1501 684 1553 narratur
706 1493 830 1571 ephebis

83 1577 202 1638 mollior
224 1578 340 1639 ardenti
363 1597 428 1638 sese
450 1576 608 1638 indulsisse
635 1577 766 1637 tribuno.

83 1663 181 1741 aspice
204 1663 276 1741 quid
298 1663 409 1723 faciant
431 1663 624 1722 commercia:
648 1672 769 1722 venerat
792 1661 888 1734 515555,

82 1749 130 1808 1515
154 1749 232 1808 fiunt
253 1748 398 1809 homines.
443 1765 511 1807 nam
533 1747 559 1808 si
581 1765 664 1806 mora
686 1747 806 1824 longior
827 1744 932 1807 urbem

62 1913 64 1917 y
83 1832 207 1894 indulsit
229 1834 339 1913 pueris,
362 1852 423 1894 non
449 1851 612 1910 numquam
634 1833 711 1893 derit
733 1841 853 1893 amator.

172 2091 231 2148 152
254 2090 378 2148 inlantes.
402 2091 464 2165 quia
486 2093 564 2166 pueri
586 2108 641 2148 non
664 2091 728 2148 dant
749 2089 939 2146 balneaticum.
1031 2090 1088 2146 155
1113 2087 1158 2160 qui

84 2175 155 2249 apud
179 2175 329 2232 Cremeram
351 2177 419 2234 oaesi
442 2186 515 2233 sunt.
539 2177 575 2233 ibi
597 2177 666 2233 enim
690 2177 750 2234 CCC
773 2175 845 2232 labii
868 2173 947 2232 occisi
969 2185 1033 2230 sunt
1059 2172 1121 2229 victi
1143 2190 1158 2229 a
1230 2215 1233 2222 .

84 2259 252 2325 Veientibus,
277 2278 346 2335 quos
370 2261 494 2318 Camillus
516 2263 660 2336 superavit.
788 2261 815 2317 in
838 2260 932 2334 Apulia
954 2259 1028 2315 vicus
1050 2260 1159 2315 nomine

84 2346 203 2411 Cannae,
236 2345 283 2402 ubi
305 2345 437 2404 Hannibal
460 2363 565 2403 omnem
588 2347 732 2404 exercitum
754 2348 937 2402 Romanorum
965 2343 1062 2400 occidit
1084 2343 1159 2400 victis

83 2429 167 2487 Paulo
190 2440 217 2488 et
239 2431 359 2487 Varrone
381 2431 545 2488 consulibus.
569 2439 673 2488 tantum
696 2432 766 2486 enim
787 2429 918 2503 populum
947 2429 1097 2501 superavit,
1127 2435 1159 2482 ut

84 2515 169 2571 tribus
191 2515 287 2571 modiis
309 2513 452 2571 anulorum
474 2514 589 2588 impletis
612 2514 646 2570 ad
669 2514 853 2586 Carthaginem
881 2513 994 2568 miserit.
1023 2530 1037 2569 e
1060 2510 1158 2584 quibus

83 2599 239 2658 consulibus
256 2599 339 2654 Varro
354 2598 430 2672 fugit,
447 2599 546 2655 Paulus
561 2598 698 2655 occubuit.
811 2599 868 2654 156
890 2598 1013 2653 Lucanus
1030 2594 1068 2671 [6,
1086 2594 1159 2670 786]

80 2675 222 2740 ‘inlustres
244 2681 321 2739 1551115
344 2683 444 2740 animas
453 2678 471 2738 '.
596 2687 651 2742 157
677 2683 751 2756 Virg.
774 2681 854 2756 [Aeo.
873 2684 900 2746 6,
918 2679 991 2755 229]
1011 2671 1095 2738 ‘idem
1117 2690 1158 2738 ter

83 2770 173 2826 socios
194 2785 262 2842 pura
286 2767 448 2825 circumtulit
470 2763 566 2826 uuda'.
668 2771 724 2826 166
748 2767 776 2824 id
798 2777 839 2824 est
859 2767 990 2824 vincendo
1012 2767 1082 2824 ultra
1097 2767 1159 2822 Bri-

83 2854 187 2911 taunias
210 2870 321 2929 quoque
344 2854 523 2910 transivimus.
551 2855 598 2910 sed
627 2854 773 2911 deteriores
801 2870 894 2910 sumus
922 2852 963 2907 bis
986 2852 1084 2927 quibus
1106 2855 1159 2909 im-

83 2957 218 3015 peramus.
353 2939 468 2996 luberna
489 2939 575 2996 insula
596 2938 746 2996 Britanniae
769 2947 810 2995 est
831 2939 881 2995 sita
902 2939 929 2993 in
953 2938 1058 2995 Oceano
1081 2939 1158 2994 mari.

84 3044 99 3083 5
113 3043 166 3101 qua
180 3043 237 3084 non
260 3026 343 3101 longe
364 3036 428 3083 sunt
443 3025 511 3081 XXX
526 3026 592 3083 aliae
608 3026 724 3082 Orcades
746 3023 858 3088 insulae,
883 3041 949 3097 quas
964 3023 1030 3080 Mela
1047 3022 1087 3096 [3,
1106 3021 1156 3094 53]

83 3112 184 3169 scribit.
287 3113 342 3169 161
368 3111 437 3168 circa
459 3111 603 3169 solstitium
624 3111 651 3166 in
672 3110 804 3167 Britannia
827 3126 913 3183 prope
935 3124 990 3162 nox
1011 3107 1084 3162 nulla
1107 3114 1157 3168 551,

84 3197 132 3254 bac
154 3197 254 3255 scilicet
277 3214 371 3262 causa,
403 3197 464 3271 quia
486 3197 589 3254 vicinus
612 3192 722 3253 occasus
746 3203 772 3252 51
794 3202 871 3251 ortus
898 3193 996 3248 ibidem
1024 3190 1096 3246 solis.
1126 3207 1158 3246 ex

84 3281 194 3355 obliquo
232 3282 303 3339 enirn
340 3291 428 3339 terrae
459 3283 579 3357 margine
610 3281 657 3338 lux
689 3281 836 3343 redundat,
871 3287 898 3335 et
929 3277 1074 3350 proximam
1108 3274 1158 3331 51151

83 3365 196 3421 insulam
224 3374 252 3422 et
279 3366 403 3424 noctibus
432 3376 460 3423 51
487 3367 581 3424 diebus
607 3366 738 3423 illustrem
771 3363 867 3420 reddit.
1006 3362 1064 3417 164
1088 3376 1158 3416 unus

84 3449 131 3523 qui
162 3449 189 3504 in
224 3449 373 3506 obsidatum
407 3452 483 3508 datus
512 3451 614 3518 luerat,
645 3467 658 3506 a
688 3450 803 3523 quodam
833 3447 941 3504 tribuno
974 3443 1060 3518 plebis
1093 3462 1158 3501 cor-

82 3534 267 3608 rumpebatur.

171 3769 219 3818 159
238 3766 300 3817 11155
318 3767 345 3829 P,
363 3763 411 3815 lllu
428 3766 458 3814 in
477 3763 563 3815 lituro
581 3765 715 3814 breuiores
732 3766 807 3814 uocis
820 3767 851 3813 ut
862 3761 901 3813 llu
915 3782 920 3813 :
933 3761 988 3813 lllic
1006 3769 1036 3813 w
1050 3762 1156 3813 ,151551-

80 3833 601 3901 555155115555155555555555151555
686 3835 764 3895 arma]
783 3846 807 3883 m
827 3847 862 3882 ear
879 3832 895 3882 b
913 3834 925 3880 ?
942 3830 967 3881 Ρ
1051 3832 1099 3884 161)
1119 3829 1158 3880 iu-

84 3915 163 3970 55555
181 3905 210 3954 in
229 3903 314 3954 litura
337 3901 420 3953 multo
446 3903 607 3967 spatiosiore
624 3902 648 3952 P
668 3898 796 3963 (Litoralia
816 3916 841 3968 p.
860 3916 884 3966 p.
910 3898 1003 3950 lemma
1022 3897 1088 3983 ⁸2¹¹

84 3986 132 4024 nae
149 3970 295 4036 Leidenste)
367 3972 412 4024 161
433 3973 595 4036 contemptos
614 3970 757 4034 Pomp
831 3970 878 4022 168
897 3981 1016 4034 umquam
1035 3972 1060 4017 tn
