2528 4364
535 209 717 262 PRAEFATIO
1110 208 1165 262 lllll

173 384 319 445 luvenalis
342 383 575 463 antiquissimam
598 383 804 445 recensionem
829 401 907 444 nnus
928 391 1020 443 totam
1043 401 1165 463 reprae-

89 496 186 549 sentat
213 486 245 558 P,
282 495 396 566 partem
426 487 490 547 eius
523 485 610 547 etiam
646 487 770 566 paginae
805 486 927 546 hroviae
962 485 1100 547 inventae
1128 486 1164 546 ab

91 589 224 649 lohanne
239 588 350 648 Wirzio
365 598 577 666 enarrataeque
593 588 624 648 in
641 588 749 648 Herme
763 587 813 648 XV
829 606 858 666 p.
875 590 937 652 437
953 606 991 648 ss.
1007 605 1082 666 quae
1098 605 1166 647 cum

90 692 208 771 prosint
236 691 271 752 ad
298 690 458 770 legendum
487 699 517 751 et
545 691 752 751 excutiendum
783 689 816 762 P,
845 690 965 768 propria
995 689 1063 750 dote
1086 690 1167 750 nulla

91 794 347 868 commendantur,
377 804 407 855 et
428 794 602 874 florilegium
632 794 823 873 Sangallense
857 794 967 854 editum
997 792 1166 854 aGhristo-

91 898 186 976 phoro
209 896 360 976 Stephano
383 897 414 957 in
437 915 539 959 museo
563 898 697 957 rhenano
720 895 769 957 XL
792 915 822 976 p.
839 898 900 961 263
917 915 955 957 ss.
978 915 1014 956 ex
1030 914 1089 974 quo
1104 912 1165 955 me-

91 998 265 1060 morabilem
287 999 377 1060 unius
405 1017 507 1060 versus
538 998 613 1076 (Vlll
640 1000 711 1073 148)
742 999 978 1059 emendationem
1009 997 1106 1059 ascivi.
1152 1016 1168 1057 e

92 1100 289 1163 deterioribus
307 1102 391 1162 libris
407 1101 667 1162 Vindobonensem
685 1104 746 1164 107
769 1100 851 1180 (phil.
870 1102 942 1174 128)
964 1100 1072 1161 saeculi
1094 1101 1168 1160 noni

91 1203 137 1264 rel
151 1204 258 1265 decimi
270 1204 486 1266 accuratissime
500 1204 648 1264 conlatum
666 1203 753 1264 habui
769 1202 805 1262 ab
818 1203 937 1263 hllredo
953 1202 1082 1263 Holdero
1095 1202 1167 1262 ami·

93 1325 139 1367 co.
183 1306 339 1367 Bohiensis
354 1306 535 1386 palimpsesti
556 1306 695 1384 reliquias
710 1305 863 1366 Vaticanas
885 1306 984 1366 denuo
1007 1303 1168 1365 aGustavo

93 1407 213 1467 Loewio
230 1408 391 1486 exscriptas
406 1408 564 1486 proposuit
579 1407 718 1468 Goetzius
740 1406 896 1485 (luvenalis
911 1414 941 1467 et
955 1406 1048 1467 Persii
1065 1407 1168 1485 fragm.

94 1509 168 1569 Boh.
181 1508 269 1570 lenae
284 1510 388 1586 1884).
422 1519 540 1588 praeter
555 1510 731 1570 Nicaeanam
746 1511 952 1571 recensionem
968 1510 1021 1569 alia
1038 1518 1067 1570 et
1083 1509 1169 1586 igno-

93 1611 152 1670 tior
173 1612 318 1690 patelacta
341 1621 385 1672 est
413 1611 523 1671 indicio
546 1611 655 1672 codicis
676 1611 849 1672 Parisiensis
872 1613 955 1676 9345
978 1629 1054 1672 saec.
1076 1609 1115 1670 Xl
1138 1611 1168 1671 in

93 1714 153 1772 fine
174 1721 273 1774 sexme
296 1721 411 1774 saturae
433 1713 506 1773 haec
529 1712 695 1773 exhibentis
718 1713 809 1775 decem
824 1713 967 1774 iuvenalia
981 1713 1098 1793 emplict't
1120 1713 1168 1774 leh.

91 1815 231 1876 sccundus
246 1818 350 1895 incipit
373 1815 422 1876 tto.
435 1813 483 1876 Ill
496 1815 602 1894 legente
619 1814 786 1895 Acpicorpio
806 1816 974 1876 sertooemis
998 1815 1171 1895 licoopcron-

93 1921 133 1978 tio
156 1936 236 1978 servo
260 1917 372 1994 (lleller
394 1918 425 1978 in
449 1917 632 1980 Fleckeiseni
655 1918 754 1979 annali
779 1919 860 1982 1885
875 1937 905 1997 p.
923 1920 1005 1994 576).
1043 1919 1171 1978 deterio-

95 2037 161 2079 rum
184 2019 215 2079 in
239 2038 366 2080 numero
388 2020 446 2080 hoc
469 2020 617 2100 exemplar
640 2020 805 2099 reponitur,
831 2029 929 2081 tamen
954 2038 1051 2098 neque
1074 2020 1170 2100 ipsum

93 2121 180 2200 quale
203 2124 240 2183 sit
256 2141 354 2201 neque
369 2123 491 2183 omnino
508 2123 665 2184 Seruianae
681 2124 865 2184 recensionis
881 2124 975 2183 forma
990 2122 1085 2184 adhuc
1101 2123 1171 2184 satis

94 2225 242 2304 explorata
265 2234 315 2286 aut
336 2226 483 2305 descripta
506 2235 559 2287 est.

180 2327 412 2389 instrumentum
428 2329 628 2390 necessarium
644 2348 682 2390 ne
698 2330 822 2402 deesset,
838 2329 949 2390 scholia
965 2329 1084 2407 antiqua
1100 2329 1170 2389 Per·

96 2430 131 2491 sii
155 2438 185 2488 et
199 2428 345 2490 luvenalis
368 2431 501 2492 versibus
523 2432 652 2492 adiunxi.
698 2450 800 2492 eorum
824 2450 916 2510 pauca
940 2431 1055 2510 origine
1076 2450 1171 2511 paene

98 2532 230 2608 aequalia
253 2542 324 2592 sunt
346 2533 417 2611 ipsis
439 2534 544 2611 poetis,
566 2534 691 2611 plurima
715 2544 782 2612 post
807 2533 1033 2594 Constantinum
1063 2534 1172 2612 scripta
1210 2517 1220 2533 ’

99 2643 129 2691 et
150 2632 291 2710 rescripta
316 2642 345 2693 et
360 2651 502 2695 conversa
525 2643 554 2694 et
569 2635 751 2695 accumulata
766 2653 861 2714 usquc
876 2636 912 2696 ad
934 2635 1105 2714 Carolingos
1120 2636 1171 2696 de-

98 2733 255 2794 scendunt.
286 2735 492 2796 recensionem
510 2736 689 2798 scholiorum
703 2738 745 2798 sic
758 2746 789 2798 nt
800 2738 865 2799 fieri
880 2738 1038 2817 aliquando
1055 2747 1173 2818 oportet

98 2841 228 2892 exactam
244 2832 279 2893 ad
296 2834 444 2895 variorum
460 2844 615 2896 auctorum
631 2836 827 2915 codicemque
843 2837 972 2897 indolem
988 2856 1022 2898 ac
1037 2838 1172 2898 fortunas

97 2935 220 2996 minime
243 2936 385 2999 adfectari
399 2957 498 3017 neque
521 2939 611 2999 officii
627 2939 685 3000 mei
708 2959 772 3001 esse
795 2938 874 3001 duxi.
912 2941 1002 3000 immo
1019 2958 1088 3000 vero
1104 2941 1172 3019 quia

98 3037 263 3098 carminum
287 3040 379 3118 gratia
403 3040 513 3101 scholia
530 3041 663 3114 edebam,
686 3042 857 3104 scholiastes
872 3051 970 3102 autem
986 3043 1067 3122 parvi
1083 3043 1172 3102 lacie-

98 3138 177 3210 ham,
201 3139 399 3220 cavehamque
423 3161 460 3202 ne
483 3143 625 3204 confertis
649 3143 735 3220 nugis
764 3153 814 3204 aut
836 3143 1036 3205 deliramentis
1064 3143 1173 3203 malum

98 3259 240 3319 magnum
270 3243 357 3304 etiam
387 3245 479 3306 maius
508 3244 672 3320 redderem,
701 3246 736 3306 ad
766 3247 878 3307 Pithoei
907 3247 1073 3325 exemplum
1097 3245 1173 3306 hanc

98 3342 266 3405 libertatem
289 3347 427 3425 usurpavi
449 3356 483 3408 ut
504 3347 652 3409 abicerem
675 3367 750 3427 quae
778 3349 901 3409 molesta
930 3347 1041 3409 insulsa
1063 3347 1173 3410 nullius

99 3462 171 3505 usus
181 3445 353 3508 viderentur
366 3468 438 3521 esse,
463 3450 612 3528 integrum
633 3450 834 3529 relinquerem
855 3449 997 3528 quidquid
1015 3450 1093 3512 inest
1105 3467 1173 3510 eru-

100 3546 220 3608 ditionis
235 3549 384 3628 antiquae,
401 3551 529 3629 deniqne
544 3552 639 3612 media
655 3552 704 3612 illa
719 3569 794 3630 quae
810 3553 845 3611 ad
867 3552 922 3612 hos
938 3551 1056 3630 quidem
1071 3559 1174 3631 poetas

103 3652 178 3712 nihil
192 3654 243 3714 sed
259 3652 293 3713 ad
311 3654 457 3714 sermonis
472 3672 633 3732 rerumque
655 3654 855 3733 posteriorum
872 3665 901 3714 et
914 3655 1173 3733 grammaticorum

100 3754 332 3834 Byzantinorum
347 3756 392 3816 vel
407 3754 602 3817 barbarorum
618 3755 843 3834 intelligentiam
862 3757 1045 3835 aliquantum
1060 3757 1174 3818 condu-

99 3869 183 3932 cunt,
206 3858 372 3919 omitterem
395 3867 446 3919 aut
467 3858 653 3920 adsumerem
676 3877 712 3919 ex
729 3860 899 3920 commodo.
949 3860 1042 3921 Persii
1064 3860 1173 3920 scholia

100 3961 259 4021 emendare
271 3962 439 4041 complures
451 3961 690 4042 nuperaggressi
700 3970 772 4024 sunt
786 3979 861 4042 quos
872 3971 1016 4024 memorat
1026 3962 1179 4022 Antonius
