2528 4364
478 199 573 251 LIBER
589 200 599 253 l
635 200 767 253 servat
785 202 819 254 lV

115 369 282 448 blandaque
306 371 431 432 devexae
454 371 578 433 iactaret
600 372 680 434 basia
704 374 819 434 raedae.

115 473 204 516 nemo
227 455 321 534 magis
342 456 500 516 rhombum
518 459 646 538 stupuit;
670 477 738 519 nam
761 459 887 538 plurima
909 459 981 521 dixit

115 540 145 601 in
170 541 284 601 laevum
308 560 480 613 conversus,
503 551 533 603 at
555 542 595 603 illi
619 543 721 604 dextra
743 543 857 604 iacebat
1146 555 1191 607 120

111 625 211 686 belua.
256 626 299 686 sic
321 645 438 705 pugnas
460 625 557 688 Cilicis
579 627 714 688 laudabat
737 637 767 688 et
789 629 865 689 ictus

116 720 145 771 et
166 727 272 790 pegma
296 719 326 771 et
347 730 458 790 pueros
480 712 549 774 inde
571 712 607 772 ad
629 713 735 773 velaria
758 722 868 792 raptos.

116 814 179 855 non
202 795 279 856 cedit
301 795 436 869 Veiento,
459 798 510 858 sed
535 808 568 859 ut
590 798 735 860 fanaticus
758 807 857 859 oestro

116 897 285 959 percussus,
308 880 474 954 Bellona‚t
462 891 514 942 tuo
536 882 646 943 divinat
668 893 697 943 et
716 876 838 961 ‘ingens

117 982 204 1026 omen
229 958 331 1026 habes’
357 966 455 1063 iuquit
474 960 588 1046 ‘magni
610 968 741 1046 clarique
764 967 915 1047 triumphi.

10 1092 11 1095 ,
115 1068 215 1128 regem
238 1051 366 1129 aliquem
389 1051 497 1131 capies,
521 1061 571 1113 aut
593 1052 629 1113 de
652 1062 771 1114 temone
794 1053 939 1113 Britanno

115 1135 231 1196 excidet
252 1136 420 1215 Aruiragus.
464 1138 622 1240 peregrina
645 1148 690 1198 est
712 1138 809 1212 belua
830 1139 929 1199 cernis

115 1229 230 1280 erectas
253 1219 283 1280 in
307 1229 389 1300 terga
412 1216 536 1283 sudesl’
583 1223 642 1283 hoc
664 1223 757 1283 deluit
780 1241 872 1283 unum

115 1304 262 1379 Fabricio,
285 1305 410 1384 patriam
432 1316 466 1367 ut
487 1306 606 1368 rhombi
629 1317 807 1368 memoraret
829 1318 859 1369 ct
880 1326 985 1370 annos.

112 1383 269 1468 ‘quidnam
294 1390 384 1492 igitur
407 1389 533 1453 censes?
557 1384 759 1453 conciditurl'
783 1385 874 1453 ‘absit
896 1392 932 1452 ab
955 1393 1005 1454 illo
1148 1403 1191 1454 130

115 1474 245 1536 dedecus
266 1468 338 1536 hoc'
363 1475 523 1537 Montanus
546 1476 584 1536 ait
604 1470 692 1537 ‘testa
714 1478 771 1538 alta
792 1486 923 1556 paretur,

116 1578 191 1638 quae
215 1559 298 1620 tenui
322 1577 409 1621 muro
432 1561 595 1640 spatiosum
618 1561 735 1639 colligat
757 1561 870 1622 orbem.

116 1644 241 1706 debetur
263 1663 390 1723 magnus
411 1646 530 1742 patinae
553 1645 728 1725 subitusque
749 1646 953 1707 Prometheus.

116 1729 247 1808 argillam
271 1739 359 1827 atque
383 1739 476 1791 rotam
501 1731 587 1792 citius
609 1739 779 1810 properate,
805 1731 857 1792 sed
881 1750 915 1791 ex
937 1730 996 1790 hoc

116 1824 251 1911 tempore
273 1815 340 1887 iam
364 1815 479 1891 Caesar,
503 1817 584 1895 tiguli
606 1825 656 1877 tua
680 1826 775 1878 castra
798 1809 989 1894 sequantur'.

116 1900 186 1960 vicit
207 1900 296 1996 digna
318 1900 381 1960 viro
404 1902 562 1963 sententia.
607 1911 728 1962 noverat
749 1901 798 1962 ille

116 1985 292 2046 luxuriam
284 1986 393 2064 rnperii
416 1996 545 2048 veterem
570 1996 733 2066 noctesque
754 1985 883 2048 Neronis

116 2069 174 2130 iam
196 2070 308 2131 medias
331 2071 476 2151 aliamque
498 2073 615 2146 famem,
642 2091 710 2134 cum
732 2071 835 2152 pulmo
858 2071 986 2132 Falerno

117 2155 243 2216 arderet.
288 2155 363 2217 nulli
386 2158 479 2218 maior
500 2159 556 2218 fuit
577 2177 649 2220 usus
676 2157 782 2218 edendi

116 2249 291 2319 tempestate
313 2260 394 2317 mea3
418 2242 527 2304 Circeis
550 2253 618 2303 nata
640 2244 741 2303 forent
763 2261 800 2303 an

119 2324 282 2387 Lucrinum
305 2327 340 2387 ad
362 2345 464 2389 saxum
488 2328 677 2407 Rutupinove
701 2326 775 2388 edita
799 2326 892 2386 fundo

118 2420 214 2472 ostrea
241 2410 365 2474 callebat
386 2413 484 2493 primo
506 2411 692 2490 deprendere
714 2429 827 2484 morsu,

206 2619 264 2675 118
298 2616 345 2690 qui
372 2616 466 2672 raedae
493 2615 591 2672 ferenti
623 2615 748 2671 mulieres
782 2613 872 2671 oscula
901 2615 1000 2670 iaceret
1028 2618 1060 2668 ut
1088 2627 1194 2669 caecus.

203 2703 328 2758 devexae.
356 2700 512 2764 inclinatae,
542 2717 591 2775 per
620 2700 715 2756 clivum
746 2698 928 2757 descendenti.
1033 2699 1091 2756 119
1113 2713 1192 2753 nemo

116 2786 200 2859 magis
228 2784 381 2843 rhombum.
405 2802 483 2860 quam
507 2782 626 2842 Catullus
649 2801 744 2843 caecus
767 2784 897 2842 adulator.
921 2800 981 2840 nam
1004 2783 1031 2839 in
1053 2783 1194 2857 sequenti-

118 2869 169 2926 bus
192 2860 285 2927 dixit‘
288 2887 344 2927 uon
366 2871 435 2928 cedit
458 2858 589 2936 Veiento,
618 2871 713 2945 utique
736 2870 849 2928 Catullo.
961 2869 1017 2928 121
1044 2869 1083 2926 sic
1105 2867 1193 2926 omnia

118 2972 186 3029 quae
209 2973 264 3013 non
286 2956 401 3022 videbat,
425 2956 569 3014 referebat
659 2958 717 3014 122
741 2973 789 3032 per
803 2955 999 3030 catastropham
1015 2962 1061 3011 aut
1077 2955 1110 3010 de
1124 2971 1194 3027 peg-

117 3049 187 3098 mate
208 3058 347 3099 excussos.
438 3044 495 3101 126
520 3044 552 3100 de
573 3044 626 3100 isto
647 3042 770 3100 vehiculo
784 3043 818 3098 ad
833 3043 916 3117 pedes
930 3040 1053 3114 supplex.
1140 3037 1194 3094 lal-

116 3127 181 3184 catis
205 3144 265 3184 nam
287 3127 422 3185 curribus.
515 3128 704 3186 Britannorum
725 3145 771 3185 rex
795 3128 951 3200 hrbiragus.
1056 3122 1114 3180 129
1137 3119 1193 3177 Ve-

116 3211 189 3269 iento
213 3230 274 3269 nam
295 3213 353 3288 ipse
368 3222 409 3270 cst
423 3212 568 3270 Fabricius.
659 3215 715 3270 131
742 3211 838 3287 patella
859 3212 887 3266 iu
910 3225 962 3284 qua
983 3209 1069 3282 possit
1090 3205 1195 3278 integer

118 3297 208 3368 coqui.
305 3299 362 3357 133
386 3298 563 3355 Prometheus
584 3299 702 3355 saturica
722 3297 831 3371 figulus.
931 3296 989 3352 136
1012 3291 1095 3347 vincit
1116 3290 1194 3364 digna

119 3380 187 3435 viro.
201 3380 336 3437 Neronem
350 3382 503 3439 lloutauus.
596 3385 653 3442 138
675 3382 799 3439 libidines
822 3379 885 3438 oris.
971 3394 1020 3450 per
1034 3392 1127 3433 verum
1142 3375 1194 3431 boc

117 3464 177 3519 ideo
208 3464 269 3538 quia
297 3465 407 3522 ariditas
435 3466 487 3523 cibi
514 3466 635 3540 sequitur
661 3467 768 3523 nimiam
795 3463 1021 3540 perpotationem.
1133 3463 1190 3519 141

118 3547 299 3622 Rutupinove.
328 3549 404 3606 locus
432 3550 458 3606 in
481 3552 616 3608 Britannia
645 3552 701 3608 sive
723 3552 823 3608 civitas.

206 3749 254 3802 120
273 3747 348 3800 laeuo
367 3746 399 3798 id
415 3751 454 3797 ιιι
470 3745 571 3800 laeuum
590 3749 614 3798 P
634 3747 772 3814 laeuump
896 3746 940 3798 121
968 3745 1005 3797 sic
1022 3747 1053 3795 ιἰι
1071 3743 1155 3795 litura
1173 3743 1198 3793 P

203 3831 305 3884 pugnos
325 3813 503 3877 OHa'reelfeld
572 3817 621 3868 124
639 3829 761 3881 percussu
779 3816 848 3881 Ppr.
918 3815 966 3867 133
985 3818 1046 3881 pat
1020 3813 1145 3866 tinael’

116 3887 167 4004 13⁸⁵
179 3884 259 4004 zaseph
277 3887 310 3936 P.
328 3885 450 3953 tegulep
524 3883 715 3936 movimus
779 3888 843 3950 port
862 3884 908 3937 141
928 3899 1023 3934 ueram
1038 3883 1119 3950 plane
1137 3894 1195 3930 ιιι-α
