2528 4364
134 192 174 251 20
616 194 722 248 PERSll

133 367 271 448 perducis
293 367 390 428 facies.
425 359 508 428 ‘nam
530 367 637 428 iratres
659 367 737 428 inter
759 387 860 443 aenos,

133 453 247 514 somnia
269 453 373 532 pituita
395 452 445 532 qui
467 453 673 532 purgatissima
695 453 824 527 mittunt,

133 538 285 617 praecipui
307 546 395 598 sunto
417 538 514 616 sitque
535 537 592 598 illis
614 556 702 599 aurea
724 531 832 599 barba.³

135 642 239 684 aurum
260 641 327 684 rasa
349 623 462 684 Numae
485 623 681 701 Saturniaque
703 624 819 703 impulit
841 642 908 684 aera

133 708 324 787 Vestalesque
345 726 437 770 urnas
458 717 488 768 et
509 708 640 768 Tuscum
662 709 749 770 fictile
772 717 873 770 mutat.

135 813 152 854 0
177 811 281 854 cumae
302 794 332 853 in
356 794 443 854 terris
465 793 579 854 animae
601 802 631 854 et
652 794 821 856 caelestium
843 794 950 867 inanis,

134 982 175 1039 vel
198 984 272 1056 quod
293 983 410 1039 medinm
432 983 474 1038 ovi
495 983 581 1040 simile
603 991 645 1039 est
666 983 732 1039 auri.
820 986 860 1042 56
885 985 973 1039 Acron
996 981 1077 1038 tradit
1090 982 1167 1056 quod
1181 982 1208 1038 in

134 1069 241 1143 porticu
264 1069 398 1142 quondam
422 1066 552 1141 Apollinis
574 1068 686 1125 Palatini
706 1068 807 1125 fuerint
827 1070 847 1124 L
871 1068 1013 1124 Danaidum
1035 1065 1150 1141 effigies,
1184 1077 1210 1124 et

134 1162 229 1210 eontra
255 1170 299 1210 aas
328 1152 379 1209 sub
408 1153 468 1208 divo
499 1153 610 1209 totidem
639 1163 776 1226 equestres
806 1153 922 1210 liliorum
950 1152 1073 1226 Aegypti.
1119 1164 1152 1208 ex
1179 1152 1210 1208 iis

134 1247 222 1294 autem
243 1239 338 1295 statuis
362 1238 490 1312 quaedam
519 1236 676 1295 dicebantur
696 1237 894 1311 postulantibus
922 1255 971 1311 per
999 1254 1124 1293 somnum
1147 1238 1210 1294 dare

136 1322 264 1388 oracula.
290 1323 333 1379 alii
354 1332 441 1380 autem
463 1323 560 1379 fratres
582 1340 663 1403 aenos
678 1323 814 1380 Pollucem
837 1331 865 1379 et
880 1324 1028 1387 Castorem,
1052 1323 1099 1396 qui
1115 1322 1210 1378 tratres

65 1441 68 1449 -
134 1407 246 1464 luerunt
267 1417 296 1465 et
316 1407 458 1482 aliquando
480 1416 561 1465 nocte
583 1409 681 1465 Persen
706 1408 875 1465 Macedoniae
902 1424 993 1481 regem
1019 1407 1211 1464 nuntiaverunt

134 1494 242 1557 victum,
264 1494 292 1548 in
315 1511 430 1568 qnorum
451 1493 551 1567 templo
574 1494 738 1551 somniorum
754 1494 913 1568 interpretes
927 1492 1020 1549 haberi
1041 1492 1140 1556 solent,
1165 1492 1210 1566 qni

135 1595 220 1652 puros
249 1596 264 1634 a
288 1579 383 1652 pituita
411 1579 482 1635 visus
510 1579 648 1637 hominum
678 1578 856 1653 exponebant.
900 1579 985 1635 aliter.
1016 1594 1076 1633 cum
1098 1577 1210 1633 Romani

135 1663 284 1737 pestilentia
305 1663 466 1729 laborarent,
492 1663 586 1721 Castor
607 1673 636 1721 et
654 1665 752 1721 Pollux
772 1665 799 1720 in
821 1663 930 1721 somniis
951 1661 1084 1737 populum
1106 1679 1207 1719 monu-

135 1757 229 1815 erunt,
260 1749 358 1823 quibus
385 1749 508 1807 remediis
531 1760 704 1815 curarentur,
736 1757 764 1806 et
791 1749 854 1805 licet
882 1766 976 1806 eorum
997 1747 1097 1804 multae
1120 1756 1209 1804 essent

134 1843 239 1891 statuae
260 1836 372 1898 Romae,
401 1843 489 1891 tamen
516 1844 624 1909 paratae
645 1843 710 1890 sunt
730 1834 782 1890 illis
804 1834 918 1899 similes,
949 1850 1015 1907 quas
1036 1841 1132 1907 postea
1153 1833 1209 1889 lio-

133 1921 205 1976 mani
227 1921 431 1977 deauraverant.
520 1924 558 1978 57
582 1920 675 1993 pituita
706 1927 746 1974 est
768 1920 892 1993 purgatio
916 1917 1026 1975 cerebri.
1070 1917 1112 1974 vel
1134 1935 1209 1974 mor·

135 2005 186 2061 bus
209 2005 367 2078 gallinarum
390 2005 437 2078 qui
460 2021 490 2060 ex
512 2005 642 2061 edacitate
664 2004 794 2060 nascitur.
838 2005 910 2061 unde
937 2003 1024 2060 evenit
1052 2013 1083 2058 ut
1110 2003 1211 2077 gravati

134 2089 257 2146 homines
279 2106 374 2145 somno
397 2105 453 2144 non
475 2088 547 2145 bona
569 2089 672 2145 somnia
693 2089 808 2145 videant.
896 2092 934 2148 59
954 2089 1037 2145 Numa
1052 2087 1208 2162 Pompilius,

135 2175 401 2238 rex'llomanorum,
424 2175 492 2230 vasis
516 2173 639 2231 lictilibus
661 2191 727 2230 usus
750 2184 791 2230 est
811 2170 889 2230 etiam
911 2175 944 2230 ad
965 2173 1120 2248 religionem
1142 2174 1211 2231 deo-

135 2276 205 2315 rum.
229 2277 261 2316 ex
283 2276 337 2333 quo
360 2259 443 2315 Numa
466 2258 552 2316 dictus
575 2269 616 2316 est
637 2277 669 2316 eo
692 2260 767 2334 quod
789 2259 944 2316 numinibus
967 2258 1121 2315 deserviret.
1152 2275 1212 2314 nam

134 2345 237 2419 primus
260 2345 405 2418 religiones
428 2345 540 2401 deorum
562 2345 673 2402 invenit.
782 2345 898 2401 Saturno
929 2344 999 2400 enim
1027 2344 1055 2398 in
1076 2343 1149 2400 ltalia
1172 2361 1213 2402 re-

135 2440 235 2505 gnante
256 2448 300 2489 aes
321 2431 349 2486 in
372 2447 425 2488 usu
446 2429 506 2502 fuit,
531 2431 603 2505 quod
626 2430 705 2487 etiam
727 2438 821 2503 postea
843 2431 870 2485 in
893 2430 957 2486 aede
978 2429 1086 2486 Saturni
1110 2429 1213 2485 conde·

134 2515 224 2573 batur.
268 2518 342 2574 unde
364 2516 495 2574 aerarium
518 2517 617 2573 dietum
640 2525 691 2574 est.
735 2517 856 2572 nondum
878 2515 948 2572 enim
970 2514 1058 2571 luerat
1071 2523 1213 2587 argentum

135 2619 224 2679 nequa
246 2620 350 2659 aurum.
398 2601 465 2658 illud
486 2611 574 2659 autem
596 2619 641 2658 aes
663 2619 716 2658 una
738 2610 814 2676 parte
837 2601 923 2675 capite
939 2600 993 2656 lani
1009 2608 1131 2656 notatum
1147 2608 1213 2670 erat,

137 2686 221 2743 altera
250 2704 316 2744 nave
347 2704 399 2761 qna
428 2688 561 2745 Saturnus
595 2687 701 2762 lugiens
730 2689 761 2744 ad
791 2686 890 2743 ltaliam
919 2695 1011 2742 vectus
1043 2694 1092 2741 est.
1145 2685 1214 2741 bane

137 2778 226 2827 autem
248 2771 344 2827 inille
367 2787 477 2828 nummo
500 2772 635 2847 geminum
659 2781 716 2829 orat
746 2773 868 2845 signum,
900 2780 927 2827 et
948 2769 1137 2844 hospitabtatis
1160 2769 1213 2826 lani

138 2864 165 2912 et
186 2856 315 2912 adrentus
338 2855 454 2913 Saturni.
493 2857 567 2930 quod
589 2874 633 2914 aes
655 2865 759 2930 postea,
782 2865 814 2912 ut
835 2856 936 2911 dietum
960 2864 1010 2927 est,
1034 2855 1060 2909 in
1082 2855 1147 2911 aede
1163 2854 1213 2911 Sa-

136 2941 210 2996 turni
233 2940 401 2997 condebatur
422 2941 543 2997 nondum
565 2950 676 3015 argento
699 2957 821 3014 auroque
842 2941 966 3014 signato,
989 2940 1061 2996 unde
1083 2941 1213 2996 aerarium

136 3042 236 3083 nomen
259 3027 371 3101 accepit.
416 3026 469 3082 fuit
490 3035 579 3083 autem
601 3027 666 3083 assis
688 3025 804 3096 libralis,
833 3026 886 3083 hoc
915 3034 957 3083 est
979 3025 1046 3081 libra
1068 3042 1213 3099 appensus,

137 3120 164 3168 et
186 3112 328 3187 dipondius
351 3111 465 3167 duarum
492 3110 631 3169 librarum.
676 3112 749 3186 quod
777 3111 912 3186 hodieque
939 3113 966 3167 in
994 3128 1061 3167 usu·
1075 3111 1213 3183 remansit,

141 3206 169 3253 et
190 3196 261 3254 solet
281 3197 388 3271 pensari
409 3198 500 3271 potius
522 3214 602 3271 quam
624 3197 766 3261 numerari,
804 3197 876 3254 unde
899 3205 927 3254 et
940 3197 1139 3271 dispensatores
1153 3195 1216 3253 dicti

138 3291 340 3358 prorogatores.
388 3292 416 3339 et
437 3291 478 3338 est
499 3299 609 3340 seusus:
633 3282 778 3340 ministeria
799 3282 984 3340 innocentium
1005 3298 1037 3337 ae
1057 3280 1215 3355 simplicium

138 3384 262 3441 vasorum
287 3368 343 3424 auri
367 3384 443 3424 casea
465 3367 578 3424 removit
598 3367 716 3425 ambitio.
804 3371 842 3427 60
866 3377 912 3425 aut
934 3368 1028 3424 Vestae
1050 3375 1097 3423 aut
1119 3365 1215 3424 Vesta-

129 3450 204 3508 lium
232 3453 375 3527 virginum.
483 3453 600 3527 virgines
627 3452 746 3511 Vestales
774 3453 843 3511 vasis
871 3451 997 3510 fictilibus
1024 3451 1052 3506 in
1080 3450 1215 3508 sacrifieiis

137 3551 202 3592 usae
223 3546 296 3594 sunt.
406 3539 522 3595 'luscum
545 3537 645 3612 fictile,
674 3538 729 3597 siva
759 3539 833 3615 quod
855 3539 882 3595 in
904 3537 1011 3595 Etruria
1034 3536 1127 3593 creber
1150 3555 1215 3595 usus

137 3637 262 3678 vasorum
284 3622 405 3679 fictilium
426 3623 524 3698 luerat,
547 3625 603 3682 siva
625 3625 700 3700 quod
721 3624 801 3683 'lusci
825 3626 937 3682 deorum
960 3621 1101 3680 simulacra
1123 3620 1215 3679 fictilia

137 3704 268 3764 fecerunt
336 3726 341 3734 ·
379 3711 416 3767 61
442 3709 588 3768 exolevisse
611 3709 674 3769 dicit
704 3710 730 3769 in
759 3709 839 3768 terris
868 3709 993 3785 spiritum
1022 3707 1140 3767 divinum
1161 3708 1215 3766 bo·

224 3890 256 3941 56
274 3887 394 3942 Perducit
412 3896 436 3941 α
523 3895 554 3945 bi
573 3891 812 3961 purgantlsslth
895 3891 927 3943 68
946 3889 980 3942 ait
998 3888 1050 3940 illis
1069 3897 1093 3940 α
1184 3894 1217 3944 59

137 3955 200 4009 Auri
218 3964 242 4008 α
311 3957 344 4010 oo
362 3957 477 4010 laeileB
545 3962 575 4016 at
597 3965 677 4017 torris
695 3959 856 4015 Lactantius
874 3959 937 4011 last.
958 3958 984 4012 d.
1002 3958 1065 4010 112
