2528 4364
44 185 445 383 {QAJQQ
470 240 564 293 uena
582 243 592 294 1
627 242 759 294 servan
777 243 808 295 nt
1134 245 1174 302 83

286 340 368 371 W
378 359 387 368 .

354 413 368 471 f

10 428 73 449 Μ
103 421 132 473 et
154 412 331 488 ceromatico
366 421 412 471 ert
434 412 574 473 niceteria
597 414 684 473 collo.

97 497 150 558 hic
173 498 229 557 alta
253 497 390 577 Sicyone,
413 508 458 558 ast
479 498 527 558 hic
550 499 703 577 Amydone
726 500 836 572 relicta,

102 583 151 643 hic
173 583 286 656 Andro,
308 583 357 642 ille
380 582 477 654 Samo,
500 583 547 643 hic
570 582 717 644 Trallibus
740 594 790 644 aut
812 585 970 647 Alabandis
1145 601 1174 650 to

10 667 72 738 wi«
102 667 247 746 Esquilias
269 668 440 744 dictumque
461 676 568 747 petunt
590 687 606 727 a
628 668 736 728 vimine
759 670 873 740 collem,

10 762 79 824 ιφ
101 753 212 836 viscera
235 770 409 830 magnarum
432 752 573 814 domuum
596 754 768 833 dominique
790 755 891 836 futuri.
910 747 1090 824 desta...]
1108 748 1181 806 ale

10 823 35 878 l*
102 838 256 916 ingenium
277 839 371 909 velox,
394 838 514 897 audacia
536 839 659 918 perdita,
683 857 779 899 sermo

102 931 260 1001 promptus
283 932 313 982 et
334 922 415 982 Isaeo
440 924 609 983 torrentior.
655 924 708 983 ede
731 924 801 1002 quid
824 925 907 984 illum
1126 971 1155 1020 h
1237 986 1241 991 ,

103 1026 168 1068 esse
189 1016 286 1086 putes.
325 1007 457 1085 quemvis
479 1009 629 1068 hominem
653 1027 753 1069 secum
777 1009 873 1069 attulit
895 1009 931 1069 ad
954 986 1251 1091 nossssssffigw',

10 1093 310 1187 Reqwgrammaticus
332 1093 435 1153 rhetor
477 1103 622 1153 eometres
644 1093 742 1172 pictor
765 1095 869 1175 aliptes
895 1102 1157 1184 me'u

10 1165 26 1185 ‘
102 1196 197 1256 augur
218 1176 433 1238 schoenobates
455 1111 587 1238 diffidis
610 1197 721 1258 magus,
745 1181 843 1239 omnia
867 1180 948 1240 novit
978 1189 1209 1290 usn-qm.

10 1268 85 1313 *1⁴³1
103 1262 265 1323 Graeculus
287 1263 436 1344 esuriens3
459 1262 490 1322 in
513 1264 638 1334 caelum,
662 1265 790 1343 iusseris,
814 1265 876 1324 ibit.
894 1266 1056 1319 Mad„

10 1335 73 1406 tt·
103 1349 132 1408 in
156 1365 270 1408 summa
293 1366 354 1407 non
378 1348 498 1408 Maurus
520 1358 582 1408 erat
604 1366 702 1425 neque
726 1349 856 1410 Sarmata
880 1369 936 1410 nec
959 1350 1054 1408 Thrax

103 1433 154 1510 qui
176 1433 302 1511 sumpsit
324 1433 441 1510 pinnas,
464 1432 567 1508 mediis
589 1433 641 1493 sed
664 1442 751 1494 natus
772 1431 1172 1551 Athenis.u79a.·..aeaed,„80

101 1518 207 1576 horum
230 1535 285 1597 ego
309 1536 370 1576 non
393 1516 503 1593 fugiam
527 1515 702 1597 conchylia?
725 1535 771 1577 me
794 1519 877 1597 prior
899 1519 948 1579 ille
972 1516 983 1569 ἰ’
996 1536 1002 1549 ’
1028 1533 1096 1559 ι

101 1601 230 1680 signabit
251 1601 403 1679 fultusque
426 1609 492 1660 toro
515 1602 636 1662 meliore
659 1602 822 1674 recumbet,
1108 1614 1111 1619 ’

100 1689 238 1748 advectus
260 1687 384 1746 Romam
409 1704 467 1763 quo
490 1705 587 1765 pruna
610 1696 639 1747 et
661 1696 780 1746 cottona
804 1685 916 1748 vento?

99 1771 290 1850 usqueadeo
313 1770 386 1831 nihil
409 1781 463 1843 est,
490 1771 571 1849 quod
592 1782 693 1832 nostra
715 1772 838 1832 infantia
862 1772 974 1832 caelum

100 1857 196 1917 hausit
217 1856 355 1916 Aventini
379 1856 451 1916 baca
478 1857 587 1917 nutrita
611 1855 744 1917 Sabina?
1143 1865 1172 1916 85

100 1942 169 2020 quid
194 1943 271 2020 quod
296 1941 434 2013 adulandi
456 1961 530 2020 gens
552 1942 781 2025 prudentissima
802 1942 902 2002 laudat
912 1936 1251 2066 &myram

99 2045 269 2087 sermonem
291 2026 413 2099 indocti,
436 2027 539 2113 taciem
563 2027 704 2089 deformis
727 2029 821 2098 amici,
841 2032 844 2037 '
1132 1986 1227 2078 ⁰⁸¹⁸!

100 2121 129 2171 et
150 2112 272 2190 longum
294 2112 413 2172 invalidi
437 2112 545 2173 collum
568 2113 733 2174 cervicibus
757 2123 864 2192 aequat
988 2173 994 2186 ,

99 2196 234 2258 Herculis
257 2199 401 2257 Antaeum
426 2198 530 2275 procul
552 2216 567 2257 a
590 2200 697 2276 tellpre
724 2199 863 2280 tenentis,
885 2169 1155 2295 Qalmd

10 2267 78 2330 *⁸4
99 2281 222 2362 miratur
244 2300 347 2342 vocem
369 2291 533 2361 angustam,
558 2302 614 2360 qua
638 2284 767 2344 deterius
791 2301 846 2344 nec
869 2300 946 2365 pp„
964 2294 988 2357 ᾖ(
1001 2331 1018 2359 ‚,
1031 2334 1089 2363 ,m
1102 2289 1170 2365 stilti

1134 2341 1162 2369 ,μ’
1181 2352 1193 2365 α

10 2348 73 2401 ⁹²⁸⁴
99 2367 147 2447 isse
170 2358 263 2427 sonat
279 2357 339 2445 quo
362 2367 516 2426 mordetur
537 2368 646 2445 gallina
669 2366 797 2427 marito?
870 2372 943 2417 rtet...
960 2366 1052 2415 2²42·-

98 2452 170 2512 haec
192 2452 295 2512 eadem
317 2451 387 2511 licet
408 2460 437 2511 et
460 2450 547 2511 nobis
569 2451 698 2522 laudare,
721 2451 773 2511 sed
796 2451 852 2510 illis
1088 2490 1147 2547 m
1221 2504 1227 2520 ,

98 2535 237 2596 creditur.
281 2553 319 2594 an
342 2534 456 2608 melior,
480 2553 546 2595 cum
571 2535 680 2611 Thdda
703 2535 830 2595 sustinet
852 2542 902 2593 aut
925 2512 1080 2592 cum'²'‘'‘¹
1134 2493 1251 2610 ffl

10 2610 85 2673 afim
98 2638 221 2716 mgprem
244 2619 406 2679 comoedus
427 2619 487 2697 agit
508 2619 553 2678 vel
574 2618 683 2695 Dorida
706 2619 787 2678 nullo
807 2626 1000 2747 ,tamem

184 2778 221 2831 70
244 2774 294 2830 hae
316 2789 410 2829 omnes
431 2773 513 2830 urbes
534 2783 599 2831 sunt
621 2782 648 2831 et
669 2773 772 2829 insulae
789 2773 874 2845 Asiae,
897 2789 1010 2847 quarum
1025 2773 1170 2829 amoenitas

95 2869 122 2915 et
159 2860 224 2916 caeli
258 2859 399 2934 temperies
430 2858 615 2916 dissolutiores
646 2857 727 2916 eflicit
755 2858 836 2914 viros.
865 2875 978 2933 quarum
1007 2858 1111 2914 accolas
1141 2858 1169 2913 in

93 2943 187 3001 urbem
209 2945 320 3002 Romam
342 2945 470 3003 transisse
491 2944 632 3019 significat.
725 2945 764 3002 72
786 2944 928 3002 interiores
950 2945 1034 3000 amici.
1129 2945 1168 3000 74

90 3020 193 3088 ‘isaeus
221 3031 316 3088 rhetor
345 3030 397 3087 tuit
419 3030 603 3094 Atheniensis,
634 3039 666 3086 ut
687 3030 794 3086 Probus
817 3031 912 3105 inquit,
935 3029 1007 3086 illius
1030 3027 1167 3101 temporis.

93 3117 168 3172 citius
190 3126 218 3174 et
239 3116 410 3191 Tranquillus
430 3116 559 3174 meminit.
581 3116 650 3172 alter
670 3117 809 3175 Isocratis.
840 3124 872 3171 ut
892 3114 999 3177 lerunt,
1023 3110 1169 3184 discipulus

91 3212 305 3277 praeceptorque
320 3201 515 3267 Demosthenis,
539 3212 569 3258 ut
592 3201 698 3276 quidam
714 3201 843 3272 sentiunt,
868 3198 1046 3259 Atheniensis,
1070 3194 1168 3265 utalii,

93 3285 256 3344 Chalcidem.
280 3287 327 3343 sed
349 3289 450 3343 isaeum
474 3286 569 3342 dixisse
590 3286 664 3342 hunc
686 3285 760 3343 credi
780 3300 829 3357 par
851 3293 906 3346 est,
937 3284 969 3338 de
991 3297 1045 3354 quo
1067 3278 1168 3335 Plinius
1219 3351 1223 3358 Ι

91 3371 117 3424 in
142 3370 262 3444 epistolis
284 3369 325 3444 [2.
349 3369 379 3444 3]
398 3360 508 3444 ‘magna
528 3372 631 3428 Isaeum
646 3370 715 3426 fama
729 3375 920 3443 praecesserat,
943 3366 1028 3420 maior
1042 3365 1167 3420 inventus
1185 3374 1251 3473 ‘1⁴7

92 3443 139 3510 est’
168 3452 272 3517 Vallo.¹
381 3458 419 3512 79
442 3456 469 3510 in
491 3473 603 3512 summa.
625 3456 659 3511 ad
680 3462 855 3528 postremum,
883 3459 914 3507 ut
938 3450 1008 3522 Virg.
1032 3447 1113 3522 [Aen.
1136 3452 1166 3521 4,

92 3537 165 3612 237]
191 3529 271 3596 ‘haec
292 3554 395 3594 summa
417 3527 477 3596 est'.
500 3541 534 3596 ad
556 3541 691 3598 ultimum.
822 3539 857 3594 81
885 3535 990 3592 iuratos
1011 3534 1118 3590 habitus
1139 3543 1167 3592 et

89 3625 223 3681 Romanae
246 3633 325 3698 togae
347 3622 553 3681 erubescendos.
575 3625 603 3680 id
625 3633 667 3682 est
688 3624 822 3698 capitium.
846 3636 990 3696 purpuras,
1012 3637 1079 3695 quas
1096 3635 1167 3676 con-

90 3710 176 3784 chylia
198 3710 317 3784 gignant.
423 3710 462 3766 90
485 3709 511 3765 id
534 3718 576 3765 est
596 3709 730 3784 gracilem.
838 3709 877 3765 94
901 3722 934 3762 an
958 3705 1052 3762 melius
1072 3704 1167 3779 aliquis
1242 3742 1251 3805 1-

177 3859 209 3911 68
228 3858 329 3910 leretP
395 3859 427 3909 69
446 3854 659 3922 amigdonePpr.
730 3858 763 3908 78
780 3855 886 3906 iusseris
894 3860 965 3920 pw:
985 3853 1084 3905 miseris
1095 3853 1166 3904 Aro-
1244 3810 1251 3903 l

92 3929 191 3976 utensis
208 3931 234 3977 et
251 3932 283 3977 ut
300 3926 413 3976 uidetur
430 3926 454 3976 P
520 3926 552 3976 79
571 3924 609 3975 Ad
630 3925 730 3976 summai
746 3940 764 3990 p
847 3925 879 3976 89
898 3922 1008 3984 athenis]
1026 3921 1109 3973 ahiuia

91 3997 148 4044 eine
167 4009 180 4044 e
196 4011 214 4060 p
285 3996 318 4046 94
337 3993 409 4061 pullo
427 3993 585 4043 Buchnerue

931 4072 970 4123 Q*
