<?xml version="1.0" encoding="UTF-8"?>
<!DOCTYPE html PUBLIC "-//W3C//DTD XHTML 1.0 Transitional//EN"
    "http://www.w3.org/TR/xhtml1/DTD/xhtml1-transitional.dtd">
<html xmlns="http://www.w3.org/1999/xhtml" xml:lang="en" lang="en">
 <head>
  <title>
</title>
<meta http-equiv="Content-Type" content="text/html;charset=utf-8" />
  <meta name='ocr-system' content='tesseract 3.04.00' />
  <meta name='ocr-capabilities' content='ocr_page ocr_carea ocr_par ocr_line ocrx_word'/>
</head>
<body>
  <div class='ocr_page' id='page_1' title='image "apersiiflaccidi00sulpgoog_0048.png"; bbox 0 0 2528 4364; ppageno 0'>
   <div class='ocr_carea' id='block_1_1' title="bbox 536 211 715 265">
    <p class='ocr_par' dir='ltr' id='par_1_1' title="bbox 536 211 715 265">
     <span class='ocr_line' id='line_1_1' title="bbox 536 211 715 265; baseline 0.006 -1"><span class='ocrx_word' id='word_1_1' title='bbox 536 211 668 265; x_wconf 80' lang='lat' dir='ltr'><strong>SATVRA</strong></span> <span class='ocrx_word' id='word_1_2' title='bbox 685 212 715 265; x_wconf 94' lang='lat' dir='ltr'>lll</span> 
     </span>
    </p>
   </div>
   <div class='ocr_carea' id='block_1_2' title="bbox 88 385 1170 1150">
    <p class='ocr_par' dir='ltr' id='par_1_2' title="bbox 89 385 913 465">
     <span class='ocr_line' id='line_1_2' title="bbox 89 385 913 465; baseline -0.001 -17"><span class='ocrx_word' id='word_1_3' title='bbox 89 388 164 448; x_wconf 90' lang='lat' dir='ltr'>haut</span> <span class='ocrx_word' id='word_1_4' title='bbox 185 385 240 448; x_wconf 92' lang='lat' dir='ltr'>tibi</span> <span class='ocrx_word' id='word_1_5' title='bbox 262 389 449 464; x_wconf 89' lang='lat' dir='ltr'>inexpertum</span> <span class='ocrx_word' id='word_1_6' title='bbox 472 403 578 447; x_wconf 88' lang='lat' dir='ltr'>curvos</span> <span class='ocrx_word' id='word_1_7' title='bbox 600 387 784 465; x_wconf 79' lang='lat' dir='ltr'>deprendere</span> <span class='ocrx_word' id='word_1_8' title='bbox 806 405 913 460; x_wconf 89' lang='lat' dir='ltr'>mores,</span> 
     </span>
    </p>

    <p class='ocr_par' dir='ltr' id='par_1_3' title="bbox 90 470 845 552">
     <span class='ocr_line' id='line_1_3' title="bbox 90 470 845 552; baseline -0.001 -18"><span class='ocrx_word' id='word_1_9' title='bbox 90 490 228 552; x_wconf 89' lang='lat' dir='ltr'>quaeque</span> <span class='ocrx_word' id='word_1_10' title='bbox 251 472 338 533; x_wconf 91' lang='lat' dir='ltr'>docet</span> <span class='ocrx_word' id='word_1_11' title='bbox 358 473 477 551; x_wconf 88' lang='lat' dir='ltr'>sapiens</span> <span class='ocrx_word' id='word_1_12' title='bbox 499 470 626 533; x_wconf 89' lang='lat' dir='ltr'>bracatis</span> <span class='ocrx_word' id='word_1_13' title='bbox 648 472 732 533; x_wconf 93' lang='lat' dir='ltr'>inlita</span> <span class='ocrx_word' id='word_1_14' title='bbox 753 472 845 533; x_wconf 88' lang='lat' dir='ltr'>Medis</span> 
     </span>
    </p>

    <p class='ocr_par' dir='ltr' id='par_1_4' title="bbox 89 555 890 638">
     <span class='ocr_line' id='line_1_4' title="bbox 89 555 890 638; baseline 0.001 -20"><span class='ocrx_word' id='word_1_15' title='bbox 89 559 235 638; x_wconf 89' lang='lat' dir='ltr'>porticus,</span> <span class='ocrx_word' id='word_1_16' title='bbox 258 557 403 618; x_wconf 92' lang='lat' dir='ltr'>insomnis</span> <span class='ocrx_word' id='word_1_17' title='bbox 426 555 534 636; x_wconf 90' lang='lat' dir='ltr'>quibus</span> <span class='ocrx_word' id='word_1_18' title='bbox 556 567 586 617; x_wconf 91' lang='lat' dir='ltr'>et</span> <span class='ocrx_word' id='word_1_19' title='bbox 607 558 729 618; x_wconf 92' lang='lat' dir='ltr'>detonsa</span> <span class='ocrx_word' id='word_1_20' title='bbox 751 558 890 619; x_wconf 91' lang='lat' dir='ltr'>iuventus</span> 
     </span>
    </p>

    <p class='ocr_par' dir='ltr' id='par_1_5' title="bbox 89 642 790 723">
     <span class='ocr_line' id='line_1_5' title="bbox 89 642 790 723; baseline -0.001 -19"><span class='ocrx_word' id='word_1_21' title='bbox 89 643 225 723; x_wconf 91' lang='lat' dir='ltr'>invigilat</span> <span class='ocrx_word' id='word_1_22' title='bbox 245 642 358 721; x_wconf 87' lang='lat' dir='ltr'>siliquis</span> <span class='ocrx_word' id='word_1_23' title='bbox 380 650 410 703; x_wconf 89' lang='lat' dir='ltr'>et</span> <span class='ocrx_word' id='word_1_24' title='bbox 431 642 535 722; x_wconf 91' lang='lat' dir='ltr'>grandi</span> <span class='ocrx_word' id='word_1_25' title='bbox 557 652 639 722; x_wconf 93' lang='lat' dir='ltr'>pasta</span> <span class='ocrx_word' id='word_1_26' title='bbox 661 643 790 722; x_wconf 84' lang='lat' dir='ltr'>polenta.</span> 
     </span>
    </p>

    <p class='ocr_par' dir='ltr' id='par_1_6' title="bbox 89 727 824 806">
     <span class='ocr_line' id='line_1_6' title="bbox 89 727 824 806; baseline -0.001 -16"><span class='ocrx_word' id='word_1_27' title='bbox 89 736 121 790; x_wconf 91' lang='lat' dir='ltr'>et</span> <span class='ocrx_word' id='word_1_28' title='bbox 142 728 205 803; x_wconf 90' lang='lat' dir='ltr'>tibi,</span> <span class='ocrx_word' id='word_1_29' title='bbox 229 745 304 806; x_wconf 89' lang='lat' dir='ltr'>quae</span> <span class='ocrx_word' id='word_1_30' title='bbox 327 727 441 788; x_wconf 88' lang='lat' dir='ltr'>Samios</span> <span class='ocrx_word' id='word_1_31' title='bbox 463 727 576 789; x_wconf 80' lang='lat' dir='ltr'>diduxit</span> <span class='ocrx_word' id='word_1_32' title='bbox 596 729 694 789; x_wconf 92' lang='lat' dir='ltr'>littera</span> <span class='ocrx_word' id='word_1_33' title='bbox 716 746 824 802; x_wconf 86' lang='lat' dir='ltr'>ramos,</span> 
     </span>
    </p>

    <p class='ocr_par' dir='ltr' id='par_1_7' title="bbox 88 813 834 892">
     <span class='ocr_line' id='line_1_7' title="bbox 88 813 834 892; baseline -0.003 -16"><span class='ocrx_word' id='word_1_34' title='bbox 88 822 263 892; x_wconf 83' lang='lat' dir='ltr'>surgentem</span> <span class='ocrx_word' id='word_1_35' title='bbox 285 813 388 874; x_wconf 89' lang='lat' dir='ltr'>dextro</span> <span class='ocrx_word' id='word_1_36' title='bbox 410 813 585 874; x_wconf 91' lang='lat' dir='ltr'>monstravit</span> <span class='ocrx_word' id='word_1_37' title='bbox 606 814 697 875; x_wconf 92' lang='lat' dir='ltr'>limite</span> <span class='ocrx_word' id='word_1_38' title='bbox 720 814 834 875; x_wconf 91' lang='lat' dir='ltr'>collem.</span> 
     </span>
    </p>

    <p class='ocr_par' dir='ltr' id='par_1_8' title="bbox 88 899 872 978">
     <span class='ocr_line' id='line_1_8' title="bbox 88 899 872 978; baseline -0.001 -18"><span class='ocrx_word' id='word_1_39' title='bbox 88 899 191 961; x_wconf 91' lang='lat' dir='ltr'>stertis</span> <span class='ocrx_word' id='word_1_40' title='bbox 213 899 308 959; x_wconf 92' lang='lat' dir='ltr'>adhuc</span> <span class='ocrx_word' id='word_1_41' title='bbox 329 899 487 976; x_wconf 90' lang='lat' dir='ltr'>laxumque</span> <span class='ocrx_word' id='word_1_42' title='bbox 510 907 599 978; x_wconf 92' lang='lat' dir='ltr'>caput</span> <span class='ocrx_word' id='word_1_43' title='bbox 621 916 754 978; x_wconf 80' lang='lat' dir='ltr'>conpage</span> <span class='ocrx_word' id='word_1_44' title='bbox 777 899 872 961; x_wconf 92' lang='lat' dir='ltr'>soluta</span> 
     </span>
    </p>

    <p class='ocr_par' dir='ltr' id='par_1_9' title="bbox 91 983 812 1063">
     <span class='ocr_line' id='line_1_9' title="bbox 91 983 812 1063; baseline 0.001 -19"><span class='ocrx_word' id='word_1_45' title='bbox 91 984 198 1046; x_wconf 89' lang='lat' dir='ltr'>oscitat</span> <span class='ocrx_word' id='word_1_46' title='bbox 218 985 391 1045; x_wconf 91' lang='lat' dir='ltr'>hesternum</span> <span class='ocrx_word' id='word_1_47' title='bbox 414 983 532 1044; x_wconf 87' lang='lat' dir='ltr'>dissutis</span> <span class='ocrx_word' id='word_1_48' title='bbox 553 984 685 1063; x_wconf 89' lang='lat' dir='ltr'>undique</span> <span class='ocrx_word' id='word_1_49' title='bbox 708 983 812 1045; x_wconf 88' lang='lat' dir='ltr'>malis‘l</span> 
     </span>
    </p>

    <p class='ocr_par' dir='ltr' id='par_1_10' title="bbox 89 1069 1170 1150">
     <span class='ocr_line' id='line_1_10' title="bbox 89 1069 1170 1150; baseline -0.002 -19"><span class='ocrx_word' id='word_1_50' title='bbox 89 1077 137 1131; x_wconf 92' lang='lat' dir='ltr'>est</span> <span class='ocrx_word' id='word_1_51' title='bbox 158 1069 266 1149; x_wconf 90' lang='lat' dir='ltr'>aliquid</span> <span class='ocrx_word' id='word_1_52' title='bbox 290 1087 349 1148; x_wconf 90' lang='lat' dir='ltr'>quo</span> <span class='ocrx_word' id='word_1_53' title='bbox 371 1069 468 1130; x_wconf 91' lang='lat' dir='ltr'>tendis</span> <span class='ocrx_word' id='word_1_54' title='bbox 491 1069 572 1130; x_wconf 91' lang='lat' dir='ltr'>etin</span> <span class='ocrx_word' id='word_1_55' title='bbox 596 1070 676 1150; x_wconf 88' lang='lat' dir='ltr'>quod</span> <span class='ocrx_word' id='word_1_56' title='bbox 697 1069 806 1148; x_wconf 83' lang='lat' dir='ltr'>derigis</span> <span class='ocrx_word' id='word_1_57' title='bbox 828 1087 939 1143; x_wconf 83' lang='lat' dir='ltr'>arcum,</span> <span class='ocrx_word' id='word_1_58' title='bbox 1140 1079 1170 1129; x_wconf 82' lang='lat' dir='ltr'>oo</span> 
     </span>
    </p>
   </div>
   <div class='ocr_carea' id='block_1_3' title="bbox 81 1240 1174 3701">
    <p class='ocr_par' dir='ltr' id='par_1_11' title="bbox 88 1240 1171 2083">
     <span class='ocr_line' id='line_1_11' title="bbox 181 1240 1170 1317; baseline -0.001 -18"><span class='ocrx_word' id='word_1_59' title='bbox 181 1241 220 1299; x_wconf 83' lang='lat'>52</span> <span class='ocrx_word' id='word_1_60' title='bbox 243 1250 290 1297; x_wconf 87' lang='lat' dir='ltr'>aut</span> <span class='ocrx_word' id='word_1_61' title='bbox 310 1240 501 1315; x_wconf 77' lang='lat' dir='ltr'>interrogative</span> <span class='ocrx_word' id='word_1_62' title='bbox 523 1251 569 1298; x_wconf 87' lang='lat' dir='ltr'>aut</span> <span class='ocrx_word' id='word_1_63' title='bbox 590 1244 790 1316; x_wconf 78' lang='lat' dir='ltr'>pronuntiative</span> <span class='ocrx_word' id='word_1_64' title='bbox 812 1243 962 1317; x_wconf 88' lang='lat' dir='ltr'>legendum.</span> <span class='ocrx_word' id='word_1_65' title='bbox 986 1259 1040 1298; x_wconf 93' lang='lat' dir='ltr'>non</span> <span class='ocrx_word' id='word_1_66' title='bbox 1056 1241 1093 1298; x_wconf 94' lang='lat' dir='ltr'>illi</span> <span class='ocrx_word' id='word_1_67' title='bbox 1112 1259 1170 1298; x_wconf 91' lang='lat' dir='ltr'>esse</span> 
     </span>
     <span class='ocr_line' id='line_1_12' title="bbox 89 1326 1169 1402; baseline 0 -19"><span class='ocrx_word' id='word_1_68' title='bbox 89 1326 258 1400; x_wconf 90' lang='lat' dir='ltr'>incognitum</span> <span class='ocrx_word' id='word_1_69' title='bbox 286 1343 383 1400; x_wconf 89' lang='lat' dir='ltr'>pravos</span> <span class='ocrx_word' id='word_1_70' title='bbox 413 1336 441 1383; x_wconf 92' lang='lat' dir='ltr'>et</span> <span class='ocrx_word' id='word_1_71' title='bbox 471 1336 563 1401; x_wconf 90' lang='lat' dir='ltr'>turpes</span> <span class='ocrx_word' id='word_1_72' title='bbox 597 1336 624 1383; x_wconf 91' lang='lat' dir='ltr'>et</span> <span class='ocrx_word' id='word_1_73' title='bbox 655 1338 798 1400; x_wconf 82' lang='lat' dir='ltr'>peccantes</span> <span class='ocrx_word' id='word_1_74' title='bbox 829 1345 935 1393; x_wconf 89' lang='lat' dir='ltr'>mores,</span> <span class='ocrx_word' id='word_1_75' title='bbox 970 1344 1039 1402; x_wconf 92' lang='lat' dir='ltr'>quos</span> <span class='ocrx_word' id='word_1_76' title='bbox 1073 1343 1169 1383; x_wconf 86' lang='lat' dir='ltr'>curvos</span> 
     </span>
     <span class='ocr_line' id='line_1_13' title="bbox 89 1411 1170 1487; baseline 0 -19"><span class='ocrx_word' id='word_1_77' title='bbox 89 1411 270 1487; x_wconf 88' lang='lat' dir='ltr'>appellavita</span> <span class='ocrx_word' id='word_1_78' title='bbox 299 1428 414 1485; x_wconf 90' lang='lat' dir='ltr'>corpore</span> <span class='ocrx_word' id='word_1_79' title='bbox 443 1429 541 1477; x_wconf 90' lang='lat' dir='ltr'>curvo,</span> <span class='ocrx_word' id='word_1_80' title='bbox 571 1412 715 1485; x_wconf 87' lang='lat' dir='ltr'>corripere.</span> <span class='ocrx_word' id='word_1_81' title='bbox 745 1430 846 1487; x_wconf 82' lang='lat' dir='ltr'>ergone</span> <span class='ocrx_word' id='word_1_82' title='bbox 868 1413 957 1470; x_wconf 88' lang='lat' dir='ltr'>vidisti</span> <span class='ocrx_word' id='word_1_83' title='bbox 978 1413 1101 1469; x_wconf 88' lang='lat' dir='ltr'>dextrum</span> <span class='ocrx_word' id='word_1_84' title='bbox 1123 1412 1170 1469; x_wconf 91' lang='lat' dir='ltr'>lit-</span> 
     </span>
     <span class='ocr_line' id='line_1_14' title="bbox 88 1492 1170 1571; baseline -0.001 -17"><span class='ocrx_word' id='word_1_85' title='bbox 88 1506 165 1554; x_wconf 89' lang='lat' dir='ltr'>terae</span> <span class='ocrx_word' id='word_1_86' title='bbox 185 1492 400 1570; x_wconf 72' lang='lat' dir='ltr'>Pythagoricae?</span> <span class='ocrx_word' id='word_1_87' title='bbox 494 1506 539 1553; x_wconf 92' lang='lat' dir='ltr'>aut</span> <span class='ocrx_word' id='word_1_88' title='bbox 567 1497 651 1569; x_wconf 91' lang='lat' dir='ltr'>magis</span> <span class='ocrx_word' id='word_1_89' title='bbox 679 1499 891 1570; x_wconf 85' lang='lat' dir='ltr'>pronuntiative:</span> <span class='ocrx_word' id='word_1_90' title='bbox 923 1507 995 1555; x_wconf 87' lang='lat' dir='ltr'>certe</span> <span class='ocrx_word' id='word_1_91' title='bbox 1023 1498 1170 1571; x_wconf 86' lang='lat' dir='ltr'>degustasti</span> 
     </span>
     <span class='ocr_line' id='line_1_15' title="bbox 89 1581 1170 1657; baseline 0 -20"><span class='ocrx_word' id='word_1_92' title='bbox 89 1581 297 1657; x_wconf 88' lang='lat' dir='ltr'>philosophiam.</span> <span class='ocrx_word' id='word_1_93' title='bbox 387 1584 424 1639; x_wconf 85' lang='lat'>53</span> <span class='ocrx_word' id='word_1_94' title='bbox 449 1598 570 1656; x_wconf 90' lang='lat' dir='ltr'>quaeque</span> <span class='ocrx_word' id='word_1_95' title='bbox 593 1581 671 1637; x_wconf 87' lang='lat' dir='ltr'>docet</span> <span class='ocrx_word' id='word_1_96' title='bbox 697 1583 811 1655; x_wconf 85' lang='lat' dir='ltr'>sapiens.</span> <span class='ocrx_word' id='word_1_97' title='bbox 857 1582 1058 1640; x_wconf 76' lang='lat' dir='ltr'>Atheniensium</span> <span class='ocrx_word' id='word_1_98' title='bbox 1080 1583 1170 1657; x_wconf 92' lang='lat' dir='ltr'>porti-</span> 
     </span>
     <span class='ocr_line' id='line_1_16' title="bbox 90 1665 1171 1742; baseline -0.001 -17"><span class='ocrx_word' id='word_1_99' title='bbox 90 1685 154 1726; x_wconf 91' lang='lat' dir='ltr'>cum</span> <span class='ocrx_word' id='word_1_100' title='bbox 175 1667 253 1731; x_wconf 90' lang='lat' dir='ltr'>dicit,</span> <span class='ocrx_word' id='word_1_101' title='bbox 282 1666 310 1722; x_wconf 94' lang='lat' dir='ltr'>in</span> <span class='ocrx_word' id='word_1_102' title='bbox 338 1683 391 1741; x_wconf 90' lang='lat' dir='ltr'>qua</span> <span class='ocrx_word' id='word_1_103' title='bbox 422 1665 493 1739; x_wconf 87' lang='lat' dir='ltr'>picta</span> <span class='ocrx_word' id='word_1_104' title='bbox 516 1674 685 1739; x_wconf 88' lang='lat' dir='ltr'>eratpugna</span> <span class='ocrx_word' id='word_1_105' title='bbox 707 1667 911 1723; x_wconf 76' lang='lat' dir='ltr'>Atheniensium</span> <span class='ocrx_word' id='word_1_106' title='bbox 934 1676 1091 1733; x_wconf 88' lang='lat' dir='ltr'>eteorum,</span> <span class='ocrx_word' id='word_1_107' title='bbox 1124 1669 1171 1742; x_wconf 90' lang='lat' dir='ltr'>qui</span> 
     </span>
     <span class='ocr_line' id='line_1_17' title="bbox 92 1751 1170 1826; baseline -0.002 -17"><span class='ocrx_word' id='word_1_108' title='bbox 92 1769 155 1810; x_wconf 93' lang='lat' dir='ltr'>cum</span> <span class='ocrx_word' id='word_1_109' title='bbox 177 1752 257 1808; x_wconf 88' lang='lat' dir='ltr'>Persa</span> <span class='ocrx_word' id='word_1_110' title='bbox 280 1753 312 1808; x_wconf 94' lang='lat' dir='ltr'>ad</span> <span class='ocrx_word' id='word_1_111' title='bbox 334 1752 544 1826; x_wconf 85' lang='lat' dir='ltr'>oppugnandam</span> <span class='ocrx_word' id='word_1_112' title='bbox 567 1751 702 1807; x_wconf 87' lang='lat' dir='ltr'>Graeciam</span> <span class='ocrx_word' id='word_1_113' title='bbox 723 1760 868 1816; x_wconf 86' lang='lat' dir='ltr'>venerant,</span> <span class='ocrx_word' id='word_1_114' title='bbox 893 1760 969 1824; x_wconf 90' lang='lat' dir='ltr'>gesta</span> <span class='ocrx_word' id='word_1_115' title='bbox 990 1753 1061 1825; x_wconf 86' lang='lat' dir='ltr'>apud</span> <span class='ocrx_word' id='word_1_116' title='bbox 1082 1753 1170 1808; x_wconf 87' lang='lat' dir='ltr'>blara·</span> 
     </span>
     <span class='ocr_line' id='line_1_18' title="bbox 91 1836 1169 1911; baseline -0.002 -17"><span class='ocrx_word' id='word_1_117' title='bbox 91 1837 202 1895; x_wconf 90' lang='lat' dir='ltr'>thonios</span> <span class='ocrx_word' id='word_1_118' title='bbox 224 1853 343 1911; x_wconf 88' lang='lat' dir='ltr'>campos.</span> <span class='ocrx_word' id='word_1_119' title='bbox 389 1854 469 1911; x_wconf 90' lang='lat' dir='ltr'>quam</span> <span class='ocrx_word' id='word_1_120' title='bbox 483 1837 618 1910; x_wconf 91' lang='lat' dir='ltr'>porticum</span> <span class='ocrx_word' id='word_1_121' title='bbox 634 1837 781 1910; x_wconf 88' lang='lat' dir='ltr'>sapientem</span> <span class='ocrx_word' id='word_1_122' title='bbox 797 1837 870 1901; x_wconf 90' lang='lat' dir='ltr'>dixit,</span> <span class='ocrx_word' id='word_1_123' title='bbox 895 1838 1022 1910; x_wconf 89' lang='lat' dir='ltr'>quoniam</span> <span class='ocrx_word' id='word_1_124' title='bbox 1036 1836 1169 1910; x_wconf 90' lang='lat' dir='ltr'>sapientes</span> 
     </span>
     <span class='ocr_line' id='line_1_19' title="bbox 89 1921 1170 1996; baseline 0 -19"><span class='ocrx_word' id='word_1_125' title='bbox 89 1923 118 1979; x_wconf 95' lang='grc'>111</span> <span class='ocrx_word' id='word_1_126' title='bbox 141 1939 170 1980; x_wconf 92' lang='grc'>55</span> <span class='ocrx_word' id='word_1_127' title='bbox 191 1921 461 1996; x_wconf 89' lang='lat' dir='ltr'>philosophabantur.</span> <span class='ocrx_word' id='word_1_128' title='bbox 506 1940 538 1979; x_wconf 90' lang='lat' dir='ltr'>ex</span> <span class='ocrx_word' id='word_1_129' title='bbox 561 1939 613 1996; x_wconf 92' lang='lat' dir='ltr'>qua</span> <span class='ocrx_word' id='word_1_130' title='bbox 628 1922 706 1978; x_wconf 92' lang='lat' dir='ltr'>etiam</span> <span class='ocrx_word' id='word_1_131' title='bbox 722 1923 800 1979; x_wconf 88' lang='lat' dir='ltr'>stoici</span> <span class='ocrx_word' id='word_1_132' title='bbox 815 1922 878 1978; x_wconf 90' lang='lat' dir='ltr'>dicti</span> <span class='ocrx_word' id='word_1_133' title='bbox 893 1931 966 1987; x_wconf 91' lang='lat' dir='ltr'>sunt,</span> <span class='ocrx_word' id='word_1_134' title='bbox 990 1938 1085 1996; x_wconf 86' lang='lat' dir='ltr'>graeco</span> <span class='ocrx_word' id='word_1_135' title='bbox 1100 1923 1170 1977; x_wconf 93' lang='lat' dir='ltr'>enim</span> 
     </span>
     <span class='ocr_line' id='line_1_20' title="bbox 90 2001 1084 2083; baseline 0.004 -19"><span class='ocrx_word' id='word_1_136' title='bbox 90 2008 214 2083; x_wconf 87' lang='lat' dir='ltr'>porticus</span> <span class='ocrx_word' id='word_1_137' title='bbox 236 2001 317 2068; x_wconf 79' lang='grc' dir='ltr'><em>στοά</em></span> <span class='ocrx_word' id='word_1_138' title='bbox 339 2008 444 2065; x_wconf 83' lang='grc'>11111151.</span> <span class='ocrx_word' id='word_1_139' title='bbox 490 2025 570 2081; x_wconf 91' lang='lat' dir='ltr'>quam</span> <span class='ocrx_word' id='word_1_140' title='bbox 593 2007 670 2065; x_wconf 91' lang='lat' dir='ltr'>etiam</span> <span class='ocrx_word' id='word_1_141' title='bbox 692 2002 956 2070; x_wconf 76' lang='lat' dir='ltr'>Hscotuuoixcetou</span> <span class='ocrx_word' id='word_1_142' title='bbox 978 2017 1084 2064; x_wconf 79' lang='lat' dir='ltr'>vocant.</span> 
     </span>
    </p>

    <p class='ocr_par' dir='ltr' id='par_1_12' title="bbox 81 2091 1172 3275">
     <span class='ocr_line' id='line_1_21' title="bbox 179 2091 1172 2166; baseline -0.001 -15"><span class='ocrx_word' id='word_1_143' title='bbox 179 2095 218 2151; x_wconf 93' lang='grc'>55</span> <span class='ocrx_word' id='word_1_144' title='bbox 241 2093 408 2150; x_wconf 88' lang='lat' dir='ltr'>naturalibus</span> <span class='ocrx_word' id='word_1_145' title='bbox 438 2092 503 2149; x_wconf 90' lang='lat' dir='ltr'>cibis</span> <span class='ocrx_word' id='word_1_146' title='bbox 531 2095 619 2150; x_wconf 89' lang='lat' dir='ltr'>vivere</span> <span class='ocrx_word' id='word_1_147' title='bbox 647 2100 788 2158; x_wconf 88' lang='lat' dir='ltr'>contenta,</span> <span class='ocrx_word' id='word_1_148' title='bbox 821 2094 846 2149; x_wconf 93' lang='lat' dir='ltr'>id</span> <span class='ocrx_word' id='word_1_149' title='bbox 877 2103 918 2151; x_wconf 89' lang='lat' dir='ltr'>est</span> <span class='ocrx_word' id='word_1_150' title='bbox 943 2091 1121 2166; x_wconf 90' lang='lat' dir='ltr'>leguminibus</span> <span class='ocrx_word' id='word_1_151' title='bbox 1145 2101 1172 2150; x_wconf 91' lang='grc'>51</span> 
     </span>
     <span class='ocr_line' id='line_1_22' title="bbox 89 2177 1172 2253; baseline -0.001 -18"><span class='ocrx_word' id='word_1_152' title='bbox 89 2177 171 2236; x_wconf 84' lang='lat' dir='ltr'>farre.</span> <span class='ocrx_word' id='word_1_153' title='bbox 216 2178 256 2234; x_wconf 87' lang='lat' dir='ltr'>vel</span> <span class='ocrx_word' id='word_1_154' title='bbox 278 2179 350 2235; x_wconf 87' lang='lat' dir='ltr'>rictu</span> <span class='ocrx_word' id='word_1_155' title='bbox 371 2177 442 2235; x_wconf 84' lang='lat' dir='ltr'>facili</span> <span class='ocrx_word' id='word_1_156' title='bbox 465 2179 580 2234; x_wconf 89' lang='lat' dir='ltr'>esuriem</span> <span class='ocrx_word' id='word_1_157' title='bbox 603 2195 677 2235; x_wconf 92' lang='lat' dir='ltr'>suam</span> <span class='ocrx_word' id='word_1_158' title='bbox 700 2179 822 2252; x_wconf 91' lang='lat' dir='ltr'>implens.</span> <span class='ocrx_word' id='word_1_159' title='bbox 867 2188 914 2236; x_wconf 92' lang='lat' dir='ltr'>aut</span> <span class='ocrx_word' id='word_1_160' title='bbox 935 2179 996 2253; x_wconf 89' lang='lat' dir='ltr'>quia</span> <span class='ocrx_word' id='word_1_161' title='bbox 1016 2178 1172 2253; x_wconf 90' lang='lat' dir='ltr'>philosophi</span> 
     </span>
     <span class='ocr_line' id='line_1_23' title="bbox 89 2263 1171 2329; baseline -0.001 -9"><span class='ocrx_word' id='word_1_162' title='bbox 89 2280 148 2320; x_wconf 90' lang='lat' dir='ltr'>non</span> <span class='ocrx_word' id='word_1_163' title='bbox 177 2271 288 2320; x_wconf 92' lang='lat' dir='ltr'>utantur</span> <span class='ocrx_word' id='word_1_164' title='bbox 318 2281 413 2329; x_wconf 91' lang='lat' dir='ltr'>carne,</span> <span class='ocrx_word' id='word_1_165' title='bbox 451 2264 568 2320; x_wconf 89' lang='lat' dir='ltr'>dicentes</span> <span class='ocrx_word' id='word_1_166' title='bbox 597 2263 697 2320; x_wconf 90' lang='lat' dir='ltr'>animas</span> <span class='ocrx_word' id='word_1_167' title='bbox 724 2264 861 2320; x_wconf 78' lang='lat' dir='ltr'>animabus</span> <span class='ocrx_word' id='word_1_168' title='bbox 889 2281 945 2321; x_wconf 92' lang='lat' dir='ltr'>non</span> <span class='ocrx_word' id='word_1_169' title='bbox 974 2264 1071 2321; x_wconf 89' lang='lat' dir='ltr'>debere</span> <span class='ocrx_word' id='word_1_170' title='bbox 1105 2264 1171 2320; x_wconf 89' lang='lat' dir='ltr'>dari.</span> 
     </span>
     <span class='ocr_line' id='line_1_24' title="bbox 90 2343 1172 2423; baseline -0.001 -17"><span class='ocrx_word' id='word_1_171' title='bbox 90 2348 166 2406; x_wconf 91' lang='lat' dir='ltr'>unde</span> <span class='ocrx_word' id='word_1_172' title='bbox 194 2348 302 2406; x_wconf 83' lang='lat' dir='ltr'>Ovidius</span> <span class='ocrx_word' id='word_1_173' title='bbox 331 2347 404 2423; x_wconf 85' lang='lat' dir='ltr'>[met.</span> <span class='ocrx_word' id='word_1_174' title='bbox 424 2352 472 2412; x_wconf 88' lang='grc'>15,</span> <span class='ocrx_word' id='word_1_175' title='bbox 491 2348 541 2422; x_wconf 85' lang='grc'>88]</span> <span class='ocrx_word' id='word_1_176' title='bbox 571 2343 639 2404; x_wconf 84' lang='lat' dir='ltr'>‘heu</span> <span class='ocrx_word' id='word_1_177' title='bbox 669 2359 799 2423; x_wconf 88' lang='lat' dir='ltr'>quantum</span> <span class='ocrx_word' id='word_1_178' title='bbox 829 2350 917 2405; x_wconf 88' lang='lat' dir='ltr'>scelus</span> <span class='ocrx_word' id='word_1_179' title='bbox 946 2358 988 2406; x_wconf 92' lang='lat' dir='ltr'>est</span> <span class='ocrx_word' id='word_1_180' title='bbox 1015 2350 1042 2404; x_wconf 94' lang='lat' dir='ltr'>in</span> <span class='ocrx_word' id='word_1_181' title='bbox 1069 2350 1172 2405; x_wconf 88' lang='lat' dir='ltr'>viscere</span> 
     </span>
     <span class='ocr_line' id='line_1_25' title="bbox 89 2432 1170 2507; baseline -0.002 -18"><span class='ocrx_word' id='word_1_182' title='bbox 89 2434 191 2491; x_wconf 88' lang='lat' dir='ltr'>viscera</span> <span class='ocrx_word' id='word_1_183' title='bbox 212 2434 301 2506; x_wconf 79' lang='lat' dir='ltr'>condi,</span> <span class='ocrx_word' id='word_1_184' title='bbox 325 2444 509 2507; x_wconf 88' lang='lat' dir='ltr'>congestoque</span> <span class='ocrx_word' id='word_1_185' title='bbox 532 2435 637 2490; x_wconf 89' lang='lat' dir='ltr'>avidum</span> <span class='ocrx_word' id='word_1_186' title='bbox 657 2435 836 2507; x_wconf 89' lang='lat' dir='ltr'>pinguescere</span> <span class='ocrx_word' id='word_1_187' title='bbox 856 2450 971 2507; x_wconf 90' lang='lat' dir='ltr'>corpore</span> <span class='ocrx_word' id='word_1_188' title='bbox 986 2450 1086 2505; x_wconf 90' lang='lat' dir='ltr'>corpus</span> <span class='ocrx_word' id='word_1_189' title='bbox 1101 2432 1170 2487; x_wconf 87' lang='lat' dir='ltr'>alte-</span> 
     </span>
     <span class='ocr_line' id='line_1_26' title="bbox 89 2505 1171 2594; baseline -0.003 -18"><span class='ocrx_word' id='word_1_190' title='bbox 89 2518 202 2594; x_wconf 85' lang='lat' dir='ltr'>riusque</span> <span class='ocrx_word' id='word_1_191' title='bbox 230 2520 343 2576; x_wconf 87' lang='lat' dir='ltr'>animam</span> <span class='ocrx_word' id='word_1_192' title='bbox 374 2518 514 2575; x_wconf 87' lang='lat' dir='ltr'>animantis</span> <span class='ocrx_word' id='word_1_193' title='bbox 543 2520 629 2574; x_wconf 90' lang='lat' dir='ltr'>vivere</span> <span class='ocrx_word' id='word_1_194' title='bbox 660 2505 743 2574; x_wconf 88' lang='lat' dir='ltr'>leto&#39;.</span> <span class='ocrx_word' id='word_1_195' title='bbox 844 2521 883 2575; x_wconf 90' lang='grc'>56</span> <span class='ocrx_word' id='word_1_196' title='bbox 914 2534 983 2591; x_wconf 89' lang='lat' dir='ltr'>quae</span> <span class='ocrx_word' id='word_1_197' title='bbox 1005 2516 1171 2590; x_wconf 79' lang='lat' dir='ltr'>Pythagoras</span> 
     </span>
     <span class='ocr_line' id='line_1_27' title="bbox 81 2601 1170 2677; baseline -0.005 -13"><span class='ocrx_word' id='word_1_198' title='bbox 81 2604 172 2664; x_wconf 74' lang='lat' dir='ltr'>Samo</span> <span class='ocrx_word' id='word_1_199' title='bbox 201 2604 288 2661; x_wconf 90' lang='lat' dir='ltr'>insula</span> <span class='ocrx_word' id='word_1_200' title='bbox 313 2611 390 2661; x_wconf 91' lang='lat' dir='ltr'>ortus</span> <span class='ocrx_word' id='word_1_201' title='bbox 412 2604 562 2677; x_wconf 89' lang='lat' dir='ltr'>praecepit,</span> <span class='ocrx_word' id='word_1_202' title='bbox 593 2604 640 2676; x_wconf 92' lang='lat' dir='ltr'>qui</span> <span class='ocrx_word' id='word_1_203' title='bbox 661 2603 685 2658; x_wconf 90' lang='lat' dir='ltr'>Y</span> <span class='ocrx_word' id='word_1_204' title='bbox 708 2601 821 2658; x_wconf 90' lang='lat' dir='ltr'>litteram</span> <span class='ocrx_word' id='word_1_205' title='bbox 852 2602 884 2658; x_wconf 92' lang='lat' dir='ltr'>ad</span> <span class='ocrx_word' id='word_1_206' title='bbox 906 2602 1017 2658; x_wconf 92' lang='lat' dir='ltr'>modum</span> <span class='ocrx_word' id='word_1_207' title='bbox 1038 2601 1170 2659; x_wconf 88' lang='lat' dir='ltr'>humanae</span> 
     </span>
     <span class='ocr_line' id='line_1_28' title="bbox 89 2687 1172 2764; baseline -0.001 -19"><span class='ocrx_word' id='word_1_208' title='bbox 89 2690 159 2748; x_wconf 88' lang='lat' dir='ltr'>vitae</span> <span class='ocrx_word' id='word_1_209' title='bbox 180 2689 313 2763; x_wconf 89' lang='lat' dir='ltr'>figuravit.</span> <span class='ocrx_word' id='word_1_210' title='bbox 357 2689 474 2764; x_wconf 88' lang='lat' dir='ltr'>quaein</span> <span class='ocrx_word' id='word_1_211' title='bbox 497 2687 606 2744; x_wconf 89' lang='grc'>1111511115</span> <span class='ocrx_word' id='word_1_212' title='bbox 628 2687 668 2743; x_wconf 89' lang='lat' dir='ltr'>vel</span> <span class='ocrx_word' id='word_1_213' title='bbox 696 2687 772 2743; x_wconf 92' lang='lat' dir='ltr'>initio</span> <span class='ocrx_word' id='word_1_214' title='bbox 795 2687 944 2744; x_wconf 88' lang='lat' dir='ltr'>monitione</span> <span class='ocrx_word' id='word_1_215' title='bbox 971 2687 1121 2761; x_wconf 86' lang='lat' dir='ltr'>paedagogi</span> <span class='ocrx_word' id='word_1_216' title='bbox 1145 2697 1172 2744; x_wconf 91' lang='lat' dir='ltr'>et</span> 
     </span>
     <span class='ocr_line' id='line_1_29' title="bbox 89 2772 1172 2849; baseline -0.003 -17"><span class='ocrx_word' id='word_1_217' title='bbox 89 2784 204 2849; x_wconf 90' lang='lat' dir='ltr'>paterno</span> <span class='ocrx_word' id='word_1_218' title='bbox 227 2784 301 2832; x_wconf 91' lang='lat' dir='ltr'>metu</span> <span class='ocrx_word' id='word_1_219' title='bbox 322 2776 424 2831; x_wconf 90' lang='lat' dir='ltr'>insecta</span> <span class='ocrx_word' id='word_1_220' title='bbox 446 2782 495 2829; x_wconf 92' lang='lat' dir='ltr'>est.</span> <span class='ocrx_word' id='word_1_221' title='bbox 539 2783 566 2829; x_wconf 91' lang='lat' dir='ltr'>at</span> <span class='ocrx_word' id='word_1_222' title='bbox 587 2781 731 2847; x_wconf 87' lang='lat' dir='ltr'>postquam</span> <span class='ocrx_word' id='word_1_223' title='bbox 759 2772 784 2827; x_wconf 93' lang='lat' dir='ltr'>in</span> <span class='ocrx_word' id='word_1_224' title='bbox 810 2773 1016 2830; x_wconf 87' lang='lat' dir='ltr'>adulescentiam</span> <span class='ocrx_word' id='word_1_225' title='bbox 1040 2773 1099 2848; x_wconf 89' lang='lat' dir='ltr'>quis</span> <span class='ocrx_word' id='word_1_226' title='bbox 1122 2790 1172 2829; x_wconf 91' lang='lat' dir='ltr'>ve-</span> 
     </span>
     <span class='ocr_line' id='line_1_30' title="bbox 92 2858 1171 2933; baseline -0.001 -17"><span class='ocrx_word' id='word_1_227' title='bbox 92 2860 173 2925; x_wconf 85' lang='lat' dir='ltr'>nerit,</span> <span class='ocrx_word' id='word_1_228' title='bbox 197 2860 331 2917; x_wconf 89' lang='lat' dir='ltr'>dividitur.</span> <span class='ocrx_word' id='word_1_229' title='bbox 376 2860 452 2916; x_wconf 92' lang='lat' dir='ltr'>etin</span> <span class='ocrx_word' id='word_1_230' title='bbox 474 2858 579 2915; x_wconf 90' lang='lat' dir='ltr'>sinistra</span> <span class='ocrx_word' id='word_1_231' title='bbox 605 2869 681 2932; x_wconf 89' lang='lat' dir='ltr'>parte</span> <span class='ocrx_word' id='word_1_232' title='bbox 711 2859 776 2914; x_wconf 89' lang='lat' dir='ltr'>rami</span> <span class='ocrx_word' id='word_1_233' title='bbox 798 2859 873 2915; x_wconf 93' lang='lat' dir='ltr'>velut</span> <span class='ocrx_word' id='word_1_234' title='bbox 901 2859 963 2915; x_wconf 90' lang='lat' dir='ltr'>vitia</span> <span class='ocrx_word' id='word_1_235' title='bbox 990 2868 1069 2923; x_wconf 88' lang='lat' dir='ltr'>sunt,</span> <span class='ocrx_word' id='word_1_236' title='bbox 1103 2876 1171 2933; x_wconf 87' lang='lat' dir='ltr'>quae</span> 
     </span>
     <span class='ocr_line' id='line_1_31' title="bbox 92 2944 1171 3018; baseline -0.004 -15"><span class='ocrx_word' id='word_1_237' title='bbox 92 2945 217 3003; x_wconf 80' lang='lat' dir='ltr'>devexior</span> <span class='ocrx_word' id='word_1_238' title='bbox 238 2945 340 3003; x_wconf 84' lang='lat' dir='ltr'>facilem</span> <span class='ocrx_word' id='word_1_239' title='bbox 363 2946 396 3002; x_wconf 89' lang='lat' dir='ltr'>ad</span> <span class='ocrx_word' id='word_1_240' title='bbox 419 2963 448 3002; x_wconf 92' lang='lat' dir='ltr'>se</span> <span class='ocrx_word' id='word_1_241' title='bbox 470 2955 586 3018; x_wconf 90' lang='lat' dir='ltr'>praestat</span> <span class='ocrx_word' id='word_1_242' title='bbox 612 2961 760 3001; x_wconf 89' lang='lat' dir='ltr'>ascensum.</span> <span class='ocrx_word' id='word_1_243' title='bbox 829 2954 871 3000; x_wconf 89' lang='lat' dir='ltr'>est</span> <span class='ocrx_word' id='word_1_244' title='bbox 896 2944 978 3002; x_wconf 90' lang='lat' dir='ltr'>altera</span> <span class='ocrx_word' id='word_1_245' title='bbox 1007 2945 1114 3000; x_wconf 89' lang='lat' dir='ltr'>dextera</span> <span class='ocrx_word' id='word_1_246' title='bbox 1143 2945 1171 2999; x_wconf 95' lang='grc'>111</span> 
     </span>
     <span class='ocr_line' id='line_1_32' title="bbox 92 3029 1172 3105; baseline -0.004 -17"><span class='ocrx_word' id='word_1_247' title='bbox 92 3047 145 3104; x_wconf 88' lang='lat' dir='ltr'>qua</span> <span class='ocrx_word' id='word_1_248' title='bbox 167 3031 272 3088; x_wconf 85' lang='lat' dir='ltr'>virtutis</span> <span class='ocrx_word' id='word_1_249' title='bbox 294 3048 377 3105; x_wconf 90' lang='lat' dir='ltr'>opera</span> <span class='ocrx_word' id='word_1_250' title='bbox 398 3029 585 3094; x_wconf 86' lang='lat' dir='ltr'>celebrantur,</span> <span class='ocrx_word' id='word_1_251' title='bbox 614 3030 728 3087; x_wconf 89' lang='lat' dir='ltr'>arduum</span> <span class='ocrx_word' id='word_1_252' title='bbox 756 3046 787 3085; x_wconf 88' lang='lat' dir='ltr'>ac</span> <span class='ocrx_word' id='word_1_253' title='bbox 814 3029 948 3087; x_wconf 79' lang='lat' dir='ltr'>difficilem</span> <span class='ocrx_word' id='word_1_254' title='bbox 969 3030 1080 3085; x_wconf 89' lang='lat' dir='ltr'>limitem</span> <span class='ocrx_word' id='word_1_255' title='bbox 1102 3045 1172 3102; x_wconf 89' lang='lat' dir='ltr'>pan-</span> 
     </span>
     <span class='ocr_line' id='line_1_33' title="bbox 92 3115 1171 3190; baseline -0.004 -18"><span class='ocrx_word' id='word_1_256' title='bbox 92 3115 168 3174; x_wconf 90' lang='lat' dir='ltr'>dens.</span> <span class='ocrx_word' id='word_1_257' title='bbox 214 3133 293 3190; x_wconf 92' lang='lat' dir='ltr'>quem</span> <span class='ocrx_word' id='word_1_258' title='bbox 315 3117 362 3190; x_wconf 90' lang='lat' dir='ltr'>qui</span> <span class='ocrx_word' id='word_1_259' title='bbox 384 3116 529 3179; x_wconf 89' lang='lat' dir='ltr'>eraserint,</span> <span class='ocrx_word' id='word_1_260' title='bbox 560 3115 649 3189; x_wconf 86' lang='lat' dir='ltr'>quieta</span> <span class='ocrx_word' id='word_1_261' title='bbox 679 3116 741 3171; x_wconf 91' lang='lat' dir='ltr'>sede</span> <span class='ocrx_word' id='word_1_262' title='bbox 769 3115 949 3188; x_wconf 88' lang='lat' dir='ltr'>excipiuntur.</span> <span class='ocrx_word' id='word_1_263' title='bbox 992 3131 1058 3188; x_wconf 90' lang='lat' dir='ltr'>quas</span> <span class='ocrx_word' id='word_1_264' title='bbox 1080 3122 1171 3186; x_wconf 84' lang='lat' dir='ltr'>partes</span> 
     </span>
     <span class='ocr_line' id='line_1_34' title="bbox 91 3198 1171 3275; baseline -0.005 -17"><span class='ocrx_word' id='word_1_265' title='bbox 91 3201 207 3275; x_wconf 88' lang='lat' dir='ltr'>quisque</span> <span class='ocrx_word' id='word_1_266' title='bbox 234 3200 267 3256; x_wconf 92' lang='lat' dir='ltr'>ab</span> <span class='ocrx_word' id='word_1_267' title='bbox 295 3217 365 3258; x_wconf 92' lang='lat' dir='ltr'>anno</span> <span class='ocrx_word' id='word_1_268' title='bbox 393 3209 468 3257; x_wconf 91' lang='lat' dir='ltr'>sexto</span> <span class='ocrx_word' id='word_1_269' title='bbox 498 3199 601 3256; x_wconf 87' lang='lat' dir='ltr'>decimo</span> <span class='ocrx_word' id='word_1_270' title='bbox 631 3198 783 3264; x_wconf 91' lang='lat' dir='ltr'>obtinebat,</span> <span class='ocrx_word' id='word_1_271' title='bbox 813 3201 840 3256; x_wconf 92' lang='lat' dir='ltr'>in</span> <span class='ocrx_word' id='word_1_272' title='bbox 870 3200 901 3256; x_wconf 91' lang='lat' dir='ltr'>iis</span> <span class='ocrx_word' id='word_1_273' title='bbox 929 3199 1018 3256; x_wconf 87' lang='lat' dir='ltr'>iuerat</span> <span class='ocrx_word' id='word_1_274' title='bbox 1040 3207 1171 3254; x_wconf 90' lang='lat' dir='ltr'>staturus.</span> 
     </span>
    </p>

    <p class='ocr_par' dir='ltr' id='par_1_13' title="bbox 92 3282 1174 3701">
     <span class='ocr_line' id='line_1_35' title="bbox 179 3282 1171 3359; baseline -0.008 -14"><span class='ocrx_word' id='word_1_275' title='bbox 179 3288 218 3345; x_wconf 91' lang='grc'>58</span> <span class='ocrx_word' id='word_1_276' title='bbox 241 3286 350 3359; x_wconf 89' lang='lat' dir='ltr'>crapula</span> <span class='ocrx_word' id='word_1_277' title='bbox 372 3286 513 3347; x_wconf 87' lang='lat' dir='ltr'>marcidus,</span> <span class='ocrx_word' id='word_1_278' title='bbox 539 3285 581 3340; x_wconf 88' lang='lat' dir='ltr'>vix</span> <span class='ocrx_word' id='word_1_279' title='bbox 603 3294 684 3359; x_wconf 90' lang='lat' dir='ltr'>caput</span> <span class='ocrx_word' id='word_1_280' title='bbox 705 3285 841 3342; x_wconf 89' lang='lat' dir='ltr'>sustinens</span> <span class='ocrx_word' id='word_1_281' title='bbox 857 3284 989 3341; x_wconf 92' lang='lat' dir='ltr'>iuncturis</span> <span class='ocrx_word' id='word_1_282' title='bbox 1003 3282 1171 3338; x_wconf 83' lang='lat' dir='ltr'>maxillarum</span> 
     </span>
     <span class='ocr_line' id='line_1_36' title="bbox 93 3366 1171 3443; baseline -0.005 -16"><span class='ocrx_word' id='word_1_283' title='bbox 93 3372 209 3428; x_wconf 82' lang='lat' dir='ltr'>extensis</span> <span class='ocrx_word' id='word_1_284' title='bbox 230 3371 258 3427; x_wconf 94' lang='lat' dir='ltr'>in</span> <span class='ocrx_word' id='word_1_285' title='bbox 280 3373 378 3428; x_wconf 92' lang='lat' dir='ltr'>rictum</span> <span class='ocrx_word' id='word_1_286' title='bbox 399 3381 426 3428; x_wconf 91' lang='lat' dir='ltr'>et</span> <span class='ocrx_word' id='word_1_287' title='bbox 448 3372 617 3426; x_wconf 88' lang='lat' dir='ltr'>vehementer</span> <span class='ocrx_word' id='word_1_288' title='bbox 640 3370 788 3443; x_wconf 79' lang='lat' dir='ltr'>patefactis.</span> <span class='ocrx_word' id='word_1_289' title='bbox 867 3372 905 3428; x_wconf 90' lang='grc'>59</span> <span class='ocrx_word' id='word_1_290' title='bbox 929 3366 1065 3441; x_wconf 90' lang='lat' dir='ltr'>crapulam</span> <span class='ocrx_word' id='word_1_291' title='bbox 1087 3368 1171 3442; x_wconf 85' lang='lat' dir='ltr'>signi-</span> 
     </span>
     <span class='ocr_line' id='line_1_37' title="bbox 92 3445 1174 3530; baseline -0.001 -18"><span class='ocrx_word' id='word_1_292' title='bbox 92 3454 167 3513; x_wconf 88' lang='grc'>11551.</span> <span class='ocrx_word' id='word_1_293' title='bbox 209 3465 240 3513; x_wconf 87' lang='grc'>111</span> <span class='ocrx_word' id='word_1_294' title='bbox 261 3465 303 3514; x_wconf 91' lang='grc'>581</span> <span class='ocrx_word' id='word_1_295' title='bbox 323 3456 388 3513; x_wconf 93' lang='lat' dir='ltr'>illud</span> <span class='ocrx_word' id='word_1_296' title='bbox 410 3455 507 3530; x_wconf 86' lang='lat' dir='ltr'>Vergili</span> <span class='ocrx_word' id='word_1_297' title='bbox 533 3455 594 3528; x_wconf 87' lang='lat' dir='ltr'>[ccl.</span> <span class='ocrx_word' id='word_1_298' title='bbox 611 3457 639 3521; x_wconf 87' lang='grc'>6,</span> <span class='ocrx_word' id='word_1_299' title='bbox 661 3453 708 3529; x_wconf 89' lang='grc'>15]</span> <span class='ocrx_word' id='word_1_300' title='bbox 730 3445 864 3511; x_wconf 79' lang='lat' dir='ltr'>‘inflatum</span> <span class='ocrx_word' id='word_1_301' title='bbox 888 3455 1015 3510; x_wconf 89' lang='lat' dir='ltr'>hesterno</span> <span class='ocrx_word' id='word_1_302' title='bbox 1038 3469 1119 3509; x_wconf 91' lang='lat' dir='ltr'>venas</span> <span class='ocrx_word' id='word_1_303' title='bbox 1142 3462 1174 3511; x_wconf 94' lang='lat' dir='ltr'>ut</span> 
     </span>
     <span class='ocr_line' id='line_1_38' title="bbox 92 3529 1173 3615; baseline -0.001 -18"><span class='ocrx_word' id='word_1_304' title='bbox 92 3557 200 3615; x_wconf 90' lang='lat' dir='ltr'>semper</span> <span class='ocrx_word' id='word_1_305' title='bbox 210 3529 330 3599; x_wconf 81' lang='lat' dir='ltr'>laccho’.</span> <span class='ocrx_word' id='word_1_306' title='bbox 398 3545 436 3600; x_wconf 87' lang='grc'>60</span> <span class='ocrx_word' id='word_1_307' title='bbox 453 3540 655 3614; x_wconf 92' lang='lat' dir='ltr'>proposuistine</span> <span class='ocrx_word' id='word_1_308' title='bbox 671 3539 716 3596; x_wconf 92' lang='lat' dir='ltr'>tibi</span> <span class='ocrx_word' id='word_1_309' title='bbox 733 3539 841 3613; x_wconf 91' lang='lat' dir='ltr'>aliquod</span> <span class='ocrx_word' id='word_1_310' title='bbox 856 3556 941 3612; x_wconf 90' lang='lat' dir='ltr'>genus</span> <span class='ocrx_word' id='word_1_311' title='bbox 956 3537 1024 3594; x_wconf 89' lang='lat' dir='ltr'>vitae</span> <span class='ocrx_word' id='word_1_312' title='bbox 1039 3539 1112 3612; x_wconf 86' lang='lat' dir='ltr'>quod</span> <span class='ocrx_word' id='word_1_313' title='bbox 1129 3557 1173 3596; x_wconf 84' lang='lat' dir='ltr'>se·</span> 
     </span>
     <span class='ocr_line' id='line_1_39' title="bbox 92 3621 1171 3701; baseline 0 -19"><span class='ocrx_word' id='word_1_314' title='bbox 92 3626 140 3700; x_wconf 92' lang='lat' dir='ltr'>qui</span> <span class='ocrx_word' id='word_1_315' title='bbox 155 3626 250 3684; x_wconf 90' lang='lat' dir='ltr'>debeas</span> <span class='ocrx_word' id='word_1_316' title='bbox 266 3635 294 3683; x_wconf 93' lang='lat' dir='ltr'>et</span> <span class='ocrx_word' id='word_1_317' title='bbox 307 3628 334 3683; x_wconf 92' lang='lat' dir='ltr'>in</span> <span class='ocrx_word' id='word_1_318' title='bbox 350 3643 404 3701; x_wconf 87' lang='lat' dir='ltr'>quo</span> <span class='ocrx_word' id='word_1_319' title='bbox 422 3643 520 3683; x_wconf 89' lang='lat' dir='ltr'>nervos</span> <span class='ocrx_word' id='word_1_320' title='bbox 539 3626 616 3681; x_wconf 91' lang='lat' dir='ltr'>animi</span> <span class='ocrx_word' id='word_1_321' title='bbox 634 3621 782 3682; x_wconf 71' lang='lat' dir='ltr'>extendas?</span> <span class='ocrx_word' id='word_1_322' title='bbox 805 3640 838 3679; x_wconf 92' lang='lat' dir='ltr'>an</span> <span class='ocrx_word' id='word_1_323' title='bbox 858 3641 941 3698; x_wconf 89' lang='lat' dir='ltr'>vagus</span> <span class='ocrx_word' id='word_1_324' title='bbox 958 3623 1015 3681; x_wconf 91' lang='lat' dir='ltr'>sine</span> <span class='ocrx_word' id='word_1_325' title='bbox 1029 3625 1171 3700; x_wconf 92' lang='lat' dir='ltr'>proposito</span> 
     </span>
    </p>
   </div>
   <div class='ocr_carea' id='block_1_4' title="bbox 94 3771 1174 4046">
    <p class='ocr_par' dir='ltr' id='par_1_14' title="bbox 95 3771 1174 3908">
     <span class='ocr_line' id='line_1_40' title="bbox 180 3771 1170 3838; baseline -0.005 -12"><span class='ocrx_word' id='word_1_326' title='bbox 180 3776 213 3827; x_wconf 84' lang='grc'>52</span> <span class='ocrx_word' id='word_1_327' title='bbox 237 3776 300 3826; x_wconf 77' lang='lat' dir='ltr'>ltine</span> <span class='ocrx_word' id='word_1_328' title='bbox 323 3791 395 3826; x_wconf 81' lang='lat' dir='ltr'>noua</span> <span class='ocrx_word' id='word_1_329' title='bbox 417 3779 512 3825; x_wconf 81' lang='lat' dir='ltr'>satura</span> <span class='ocrx_word' id='word_1_330' title='bbox 537 3775 636 3838; x_wconf 81' lang='lat' dir='ltr'>incipit</span> <span class='ocrx_word' id='word_1_331' title='bbox 657 3775 687 3822; x_wconf 83' lang='lat' dir='ltr'>in</span> <span class='ocrx_word' id='word_1_332' title='bbox 705 3773 738 3834; x_wconf 86' lang='lat' dir='ltr'>P,</span> <span class='ocrx_word' id='word_1_333' title='bbox 762 3773 806 3821; x_wconf 84' lang='lat' dir='ltr'>cui</span> <span class='ocrx_word' id='word_1_334' title='bbox 833 3772 928 3823; x_wconf 81' lang='lat' dir='ltr'>titulus</span> <span class='ocrx_word' id='word_1_335' title='bbox 950 3776 990 3822; x_wconf 82' lang='lat' dir='ltr'>est</span> <span class='ocrx_word' id='word_1_336' title='bbox 1015 3771 1047 3822; x_wconf 93' lang='lat' dir='ltr'>ad</span> <span class='ocrx_word' id='word_1_337' title='bbox 1066 3771 1170 3824; x_wconf 91' lang='lat' dir='ltr'>eosdem</span> 
     </span>
     <span class='ocr_line' id='line_1_41' title="bbox 95 3839 1174 3908; baseline -0.006 -13"><span class='ocrx_word' id='word_1_338' title='bbox 95 3889 101 3901; x_wconf 80' lang='grc'><strong>,</strong></span> <span class='ocrx_word' id='word_1_339' title='bbox 180 3845 213 3895; x_wconf 83' lang='grc'>54</span> <span class='ocrx_word' id='word_1_340' title='bbox 231 3844 337 3894; x_wconf 84' lang='grc'>1118511115</span> <span class='ocrx_word' id='word_1_341' title='bbox 355 3844 379 3893; x_wconf 99' lang='grc' dir='ltr'><em>Ρ</em></span> <span class='ocrx_word' id='word_1_342' title='bbox 394 3858 499 3908; x_wconf 69' lang='lat' dir='ltr'>comp</span> <span class='ocrx_word' id='word_1_343' title='bbox 571 3844 602 3893; x_wconf 90' lang='grc'>55</span> <span class='ocrx_word' id='word_1_344' title='bbox 622 3839 718 3906; x_wconf 88' lang='lat' dir='ltr'>grande</span> <span class='ocrx_word' id='word_1_345' title='bbox 736 3842 758 3890; x_wconf 96' lang='grc' dir='ltr'><em>Ρ</em></span> <span class='ocrx_word' id='word_1_346' title='bbox 775 3853 878 3906; x_wconf 68' lang='lat' dir='ltr'>comp</span> <span class='ocrx_word' id='word_1_347' title='bbox 949 3843 981 3893; x_wconf 88' lang='grc'>56</span> <span class='ocrx_word' id='word_1_348' title='bbox 1000 3839 1106 3891; x_wconf 85' lang='grc'>1151111111</span> <span class='ocrx_word' id='word_1_349' title='bbox 1125 3841 1174 3890; x_wconf 86' lang='grc' dir='ltr'>αΡ</span> 
     </span>
    </p>

    <p class='ocr_par' dir='ltr' id='par_1_15' title="bbox 94 3907 1172 4046">
     <span class='ocr_line' id='line_1_42' title="bbox 179 3907 1172 3975; baseline -0.005 -13"><span class='ocrx_word' id='word_1_350' title='bbox 179 3909 297 3963; x_wconf 84' lang='grc' dir='ltr'>111515Ρ</span> <span class='ocrx_word' id='word_1_351' title='bbox 363 3914 394 3964; x_wconf 84' lang='grc'>51</span> <span class='ocrx_word' id='word_1_352' title='bbox 414 3911 507 3962; x_wconf 91' lang='lat' dir='ltr'>collem</span> <span class='ocrx_word' id='word_1_353' title='bbox 526 3910 590 3960; x_wconf 84' lang='lat' dir='ltr'>0th</span> <span class='ocrx_word' id='word_1_354' title='bbox 612 3909 703 3960; x_wconf 84' lang='lat' dir='ltr'>collem</span> <span class='ocrx_word' id='word_1_355' title='bbox 718 3911 763 3975; x_wconf 76' lang='grc' dir='ltr'>ρς</span> <span class='ocrx_word' id='word_1_356' title='bbox 833 3907 1030 3962; x_wconf 83' lang='grc' dir='ltr'>59Η5851151α</span> <span class='ocrx_word' id='word_1_357' title='bbox 1100 3908 1172 3959; x_wconf 87' lang='grc'>60111</span> 
     </span>
     <span class='ocr_line' id='line_1_43' title="bbox 94 3978 569 4046; baseline -0.004 -16"><span class='ocrx_word' id='word_1_358' title='bbox 94 3993 146 4045; x_wconf 86' lang='lat' dir='ltr'>quo</span> <span class='ocrx_word' id='word_1_359' title='bbox 166 3985 190 4030; x_wconf 86' lang='grc' dir='ltr'>α</span> <span class='ocrx_word' id='word_1_360' title='bbox 259 3979 347 4046; x_wconf 89' lang='lat' dir='ltr'>dirigis</span> <span class='ocrx_word' id='word_1_361' title='bbox 366 3987 413 4044; x_wconf 80' lang='lat' dir='ltr'>ap</span> <span class='ocrx_word' id='word_1_362' title='bbox 432 3978 527 4044; x_wconf 89' lang='lat' dir='ltr'>dirigas</span> <span class='ocrx_word' id='word_1_363' title='bbox 545 3979 569 4028; x_wconf 86' lang='lat' dir='ltr'><em>P</em></span> 
     </span>
    </p>
   </div>
   <div class='ocr_carea' id='block_1_5' title="bbox 0 0 1269 4364">
    <p class='ocr_par' dir='ltr' id='par_1_16' title="bbox 0 0 1269 4364">
     <span class='ocr_line' id='line_1_44' title="bbox 0 0 1269 4364; baseline 0 0"><span class='ocrx_word' id='word_1_364' title='bbox 0 0 1269 4364; x_wconf 95' lang='lat' dir='ltr'> </span> 
     </span>
    </p>
   </div>
  </div>
 </body>
</html>
