2528 4364
541 226 723 280 PRAEFATIO
1142 228 1166 279 V

175 400 255 460 bisce
279 399 447 473 codicibus,
476 400 521 460 vel
543 409 576 460 ut
598 401 708 461 rectius
730 398 824 460 dicam
846 400 915 460 huic
938 400 1047 474 codici,
1069 401 1166 462 addidi

177 501 203 561 P
234 502 526 581 lllontepessulanum
561 502 756 563 bibliothecae
790 502 906 563 scholae
940 501 1071 564 medicae
1105 503 1166 566 125

89 604 185 682 (catal.
207 605 269 684 peis.
286 604 299 664 l
315 623 345 684 p.
362 607 445 680 330).
469 605 598 684 scriptus
620 605 716 666 estin
740 605 921 666 membranis
942 605 1060 666 saeculo
1084 624 1166 666 nono

89 706 119 766 in
149 707 329 767 monasterio
353 707 453 767 Sancti
476 707 587 767 Nazarii
611 706 872 777 Laureshemensi,
902 707 981 766 unde
1003 707 1035 766 in
1059 705 1167 766 bibbo·

89 808 204 867 thecam
227 808 364 868 Matthiae
387 807 548 880 cuiusdam,
572 816 672 886 postea
695 807 776 868 Petri
791 808 914 880 Pitheci,
939 807 1067 886 denique
1087 806 1167 868 Βου-

90 909 163 970 herii
197 912 341 989 pervenit.
394 911 528 970 continet
561 919 679 990 praeter
707 910 841 971 Persium
869 908 1015 971 lurenabs
1043 919 1168 971 saturas.

89 1030 104 1072 a
120 1011 249 1072 secunda
266 1031 354 1072 manu
371 1013 477 1092 etipse
493 1021 646 1074 correctus
660 1021 714 1086 est,
738 1013 823 1074 cuius
839 1013 931 1073 varias
947 1012 1090 1073 lectiones
1106 1012 1168 1073 lere

91 1132 195 1176 omnes
217 1115 367 1194 adscripsi.
406 1114 628 1194 diligentissime
643 1115 769 1176 contulit
785 1114 855 1175 mihi
871 1113 993 1174 Adultus
1008 1113 1168 1175 Michaelis.

174 1217 206 1277 in
229 1218 336 1277 horum
360 1217 450 1277 trium
473 1218 609 1278 codicum
624 1216 801 1278 lectionibus
815 1216 1032 1295 componendis
1047 1233 1168 1295 operam

89 1337 185 1379 meam
216 1320 426 1380 continendam
454 1321 569 1400 putavi,
598 1320 709 1399 quippe
739 1319 847 1397 quibus
876 1319 945 1406 satis
974 1319 1168 1392 obrumbat,

91 1421 228 1499 qualibus
249 1421 439 1483 librariorum
462 1422 613 1483 erroribus
635 1421 728 1484 Persii
751 1421 849 1496 verba,
872 1408 907 1482 ab
930 1422 1169 1501 interpolationi-

92 1522 148 1582 bus
171 1530 200 1582 et
214 1524 395 1601 gravioribus
411 1524 588 1603 corruptelis
602 1526 664 1584 lere
679 1524 830 1597 immunia,
854 1543 907 1604 per
923 1543 1027 1585 omnes
1042 1524 1170 1596 codices,

92 1642 220 1702 quorum
250 1626 356 1702 ingens
379 1643 521 1686 numerus
550 1633 642 1699 extat,
672 1626 751 1687 varie
779 1627 935 1704 depravata
964 1627 1034 1688 sint.
1078 1644 1170 1704 quare

91 1744 190 1804 neque
213 1727 341 1798 codices,
363 1745 490 1805 quorum
513 1726 683 1787 testimonio
707 1737 811 1787 contra
835 1726 885 1789 αΡ
904 1727 992 1787 lectio
1016 1728 1170 1788 emendata

90 1828 143 1900 sit,
173 1828 298 1889 indicavi
321 1837 351 1888 et
371 1828 519 1890 rarissime
549 1847 585 1888 ex
607 1828 759 1890 codicibus
781 1828 916 1907 pluribus
944 1828 1171 1908 paucioribusve

91 1932 131 2011 (ς)
162 1929 364 2010 discrepantes
398 1932 541 1992 lectiones
575 1931 613 1991 ob
645 1930 772 2009 aliquam
811 1949 930 1992 causam
964 1929 1172 1991 memorabiles

93 2034 244 2112 adscripsi.

179 2135 258 2214 quod
281 2135 305 2197 si
328 2135 427 2196 nullus
450 2134 543 2196 Persii
565 2135 657 2196 codex
679 2144 778 2196 tantae
800 2135 983 2202 auctoritatis
1006 2143 1060 2208 est,
1084 2137 1169 2199 utin

93 2239 182 2299 rebus
205 2238 302 2300 dubiis
325 2239 387 2299 eius
410 2239 529 2317 vestigia
544 2246 609 2299 tuto
624 2238 766 2316 sequaris,
790 2239 841 2300 sed
857 2255 975 2317 semper
990 2238 1070 2298 iuter
1087 2256 1172 2299 com-

93 2343 193 2420 plures
222 2341 303 2419 optio
333 2358 425 2418 eaque
455 2359 516 2400 non
546 2358 612 2400 raro
642 2341 754 2401 incerta
778 2340 879 2413 datur,
908 2341 997 2418 longe
1019 2340 1073 2400 alia
1096 2340 1172 2400 ratio

94 2444 123 2503 in
147 2443 296 2506 lvvnuttrs
326 2443 432 2503 saturis
462 2442 653 2503 emendandis
685 2442 808 2502 obtinet.
853 2460 953 2502 earum
982 2443 1060 2502 enim
1084 2443 1171 2503 resti·

93 2544 271 2605 tuendarum
301 2544 540 2620 integerrimum,
562 2553 595 2604 ut
618 2562 700 2604 nunc
722 2553 781 2617 est,
810 2562 988 2630 quamquam
1016 2553 1046 2604 et
1073 2545 1171 2624 ipsum

94 2646 284 2706 multifariam
307 2647 495 2725 depravatum
512 2655 663 2707 auctorem
686 2646 739 2706 viri
755 2645 834 2706 docti
849 2644 888 2705 ad
899 2665 1003 2718 unum,
1028 2656 1170 2724 quantum

94 2750 194 2818 sciam,
218 2767 322 2810 omnes
343 2767 518 2828 persuasum
539 2748 651 2809 habent
673 2768 736 2810 esse
759 2749 892 2810 codicem
1185 2736 1187 2740 ὗ

182 2850 208 2910 P
228 2851 297 2911 olim
320 2850 526 2926 Pithoeanum,
553 2870 635 2913 nunc
657 2851 950 2930 llontepessulanum
976 2853 1053 2923 125,
1083 2852 1172 2913 modo

94 2953 272 3026 indicatum,
301 2972 390 3032 quem
419 2953 576 3032 diligenter
597 2954 633 3014 ab
658 2953 678 3013 l.
703 2953 735 3013 V.
759 2953 880 3014 Bertino
905 2951 1042 3013 collatum
1072 2953 1171 3014 habui.

95 3055 184 3115 altera
213 3073 317 3116 manus
340 3056 472 3116 codicem
494 3056 624 3116 radendo
654 3065 683 3116 et
705 3056 883 3134 corrigendo
903 3055 943 3114 ita
973 3055 1110 3126 mutavit,
1139 3063 1173 3115 ut

95 3158 214 3219 alterius
236 3158 364 3236 generis,
388 3157 424 3218 de
447 3176 506 3236 quo
522 3159 619 3218 statim
641 3157 801 3219 dicendum
816 3157 880 3229 erit,
904 3157 1070 3236 exemplum
1085 3174 1173 3235 prae·

95 3270 167 3331 stet,
198 3260 282 3321 cuius
310 3260 452 3322 lectiones
480 3261 520 3320 ita
547 3269 661 3321 tantum
690 3260 832 3338 adscripsi
861 3261 923 3338 (p),
952 3268 985 3318 ut
1014 3267 1173 3332 constaret,

96 3362 165 3439 quid
190 3361 259 3422 olim
282 3382 342 3423 nou
368 3363 512 3442 scriptum
535 3372 613 3424 esset
633 3363 663 3423 in
688 3362 720 3423 P.
758 3363 837 3422 haud
865 3361 967 3439 paucis
997 3360 1076 3420 enim
1099 3360 1172 3423 locis

96 3473 154 3523 tam
177 3472 299 3525 strenue
323 3465 423 3525 olticio
443 3484 499 3526 suo
513 3466 635 3527 functus
651 3475 696 3526 est
718 3473 880 3536 corrector,
902 3470 936 3522 ut
958 3462 1058 3540 quida
1074 3463 1171 3542 primo

96 3566 215 3626 librario
238 3566 380 3646 scriptum
410 3567 460 3642 sit,
491 3576 573 3628 certo
604 3568 708 3646 dispici
739 3567 796 3627 iam
825 3572 963 3642 nequeat.
1011 3564 1119 3626 talibus
1141 3565 1172 3625 in

96 3668 169 3729 locis
192 3668 262 3729 utile
288 3669 428 3729 auxilium
458 3689 519 3730 non
548 3668 640 3731 semel
668 3676 819 3748 praestant
846 3667 955 3751 scholia
978 3664 1025 3750 (S)
1047 3667 1172 3744 margini

96 3769 259 3849 adscripta,
296 3788 424 3848 quorum
455 3771 591 3832 lemmata
626 3789 694 3830 cum
721 3769 899 3831 lectionibus
927 3769 1039 3848 primae
1069 3786 1174 3829 manus

96 3872 134 3933 ita
158 3872 359 3944 consentiunt
382 3881 415 3934 ut
436 3874 485 3934 hic
507 3873 566 3933 illic
588 3872 677 3952 paulo
699 3872 809 3932 rectius
831 3872 939 3950 scripta
955 3871 1042 3932 verba
1058 3879 1174 3948 poetae,

97 3981 201 4036 contra
224 3973 398 4051 quibusdam
429 3975 501 4036 locis
523 3975 704 4053 aliquantum
735 3974 888 4054 depravata
918 3971 1087 4032 exhibeant.
1130 3979 1180 4028 est
