2528 4364
495 196 590 249 LIBER
608 199 618 250 Ι
654 198 786 252 statut
804 200 815 251 l
1153 201 1191 259 67

120 369 307 447 instituitque
330 368 419 429 rudes
441 369 546 429 melior
567 352 698 430 Lucusta
719 371 904 452 propinquas
924 381 1073 415 mma
1176 348 1238 437 ‘fr’
1249 379 1257 388 “

120 472 175 533 per
197 455 303 513 lamam
327 465 356 514 et
378 454 521 532 populum
545 453 647 531 nigros
670 454 776 534 efferre
798 432 1059 532 maritosm
1081 473 1205 529 Μ

119 541 195 599 aude
217 538 329 616 aliquid
351 538 489 600 brevibus
512 538 615 619 Gyaris
638 547 667 599 et
689 557 809 601 carcere
831 540 965 619 dignum,
1132 549 1140 555 '

56 646 91 710 ie
120 625 143 698 si
166 624 209 684 vis
232 643 296 684 esse
319 622 439 702 aliquid.
483 623 615 703 probitas
635 624 773 684 landatur
795 633 824 684 ct
845 627 931 704 alget,
1057 695 1061 704 ,

56 700 96 757 2·
120 708 295 782 criminibus
318 707 428 769 debent
449 710 552 769 hortos
573 709 719 788 praetoria
743 728 860 771 mensas
883 698 1206 804 aewm
1248 743 1264 780 a

58 811 63 820 ’
119 801 277 873 argentum
299 802 383 854 vetus
406 801 436 853 et
458 802 585 876 stantem
608 801 689 876 entra
712 795 818 873 pocula
840 780 1077 893 caprumft'lq..
1100 800 1263 859 maffia

103 866 209 958 [quem
233 878 345 958 patitur
367 878 497 939 dormire
520 896 613 939 nurus
637 889 797 958 corruptor
818 898 929 955 avarae,

120 981 209 1042 quem
231 982 358 1042 sponsae
381 971 485 1042 turpes
507 973 537 1024 et
557 972 759 1043 praetextatus
781 965 922 1038 adulterh

120 1050 144 1110 si
168 1058 272 1109 natura
295 1056 393 1126 negat,
418 1049 486 1108 lacit
507 1048 671 1127 indignatio
695 1067 812 1110 versum

119 1132 366 1213 qualemcumque
388 1141 495 1212 potest,
519 1134 619 1212 quales
642 1152 697 1212 ego
719 1135 764 1194 vel
788 1133 954 1214 Cluvienus.
979 1122 1192 1198 mtto

161 1236 196 1278 ex
219 1236 278 1296 quo
301 1217 461 1279 Deucalion
486 1218 593 1279 nimbis
614 1218 787 1280 tollentibus
809 1237 940 1299 aequor
1242 1228 1259 1251 ‘'

119 1302 234 1388 naqigio
257 1311 389 1363 montem
413 1303 545 1364 ascendit
566 1311 722 1381 sortesque
744 1297 942 1383 poposcit&

56 1352 71 1425 i
117 1388 318 1467 paulatimque
340 1389 437 1448 anima
460 1388 617 1448 caluerunt
638 1388 736 1448 mollia
759 1408 828 1449 saxa

116 1481 146 1533 et
168 1472 298 1534 maribus
321 1472 415 1532 nudas
438 1470 567 1532 ostendit
588 1471 700 1550 Pyrrha
723 1473 846 1551 puellas,

118 1558 260 1636 quidquid
283 1565 376 1635 agunt
397 1557 543 1628 homines,
565 1565 665 1616 votum
688 1557 777 1617 timor
799 1558 842 1617 ira
864 1559 1001 1638 voluptas
1230 1625 1237 1634 ,

56 1666 68 1691 2
116 1644 222 1721 gaudia
244 1643 406 1716 discursus,
430 1641 524 1702 nostri
545 1641 662 1718 farrago
685 1641 775 1701 bbelh
797 1630 1088 1741 est.²⁴*³p›·,-b“‘a⁶
1164 1660 1172 1675 ¹

116 1736 146 1787 et
167 1728 286 1805 quando
309 1726 431 1787 uberior
452 1726 590 1786 vitiorum
614 1724 719 1805 copia‘l
742 1728 861 1804 quando
980 1783 985 1792 ,
1036 1710 1068 1798 ³,
1107 1780 1182 1834 Α*

59 1813 212 1875 ·-‚.c²maior
233 1812 368 1872 avaritiae
391 1811 486 1891 patuit
506 1809 612 1873 sinus?
636 1810 697 1892 alea
720 1775 1133 1909 qua-ndowffm
1215 1857 1220 1865 .

89 1931 91 1936 ·
116 1899 171 1959 hos
193 1895 331 1958 animos?
354 1916 452 1976 neque
475 1888 555 1957 enim
577 1895 683 1957 locubs
706 1896 915 1958 comitantibus
937 1905 998 1958 rtur

116 1981 152 2042 ad
175 2001 275 2044 casum
298 1982 422 2055 tabulae,
445 1982 542 2062 posita
563 1981 615 2042 sed
638 1981 750 2042 luditur
771 2001 847 2043 arca.
1159 1993 1188 2044 91

56 2103 98 2141 ,a
115 2067 229 2146 proelia
252 2078 362 2147 quqnta
385 2068 446 2129 illic
468 2067 672 2149 dispensatore
694 2067 804 2128 videbis
819 2041 1247 2152 fflmff‘mmmss

117 2153 274 2231 armigero.
319 2153 482 2233 simplexne
505 2154 590 2214 luror
612 2153 746 2229 sestertia
768 2162 888 2225 cenmm
911 2170 974 2209 aaa
991 2179 1054 2203 m
1075 2141 1260 2216 W&-

116 2239 240 2316 perdere
263 2246 293 2299 et
315 2239 449 2299 horrenti
470 2237 602 2300 tunicam
628 2256 690 2298 non
713 2236 837 2299 reddere
859 2235 967 2299 servo?

116 2323 183 2400 quis
205 2322 329 2384 totidem
352 2323 446 2384 erexit
467 2323 559 2395 villas,
583 2322 649 2400 quis
672 2323 781 2399 fercula
800 2331 918 2402 septem
938 2343 1109 2383 masua-

201 2497 238 2553 71
264 2495 382 2550 Lucusta
404 2493 533 2566 quaedam
555 2493 607 2549 luit
629 2493 656 2547 in
679 2491 769 2548 Galliis
797 2502 919 2548 matrona
948 2490 1079 2556 venefica,
1109 2508 1188 2566 quam

114 2580 184 2635 Nero
207 2576 326 2635 exhibuit
348 2577 380 2632 ad
402 2593 431 2632 se
452 2585 565 2650 propter
587 2593 689 2634 venena
711 2576 892 2640 conficienda,
924 2575 1050 2650 quoniam
1078 2592 1189 2650 magnae

113 2665 198 2719 lamae
220 2669 286 2718 erat.
316 2677 394 2735 quam
423 2661 501 2717 etiam
522 2661 550 2717 in
571 2661 747 2719 familiaritate
769 2678 818 2718 sua
839 2659 943 2726 habuit,
973 2669 1005 2717 ut
1026 2660 1105 2717 etiam
1127 2678 1189 2718 enm

94 2747 225 2804 ‘doceret
251 2762 352 2803 venena
374 2746 495 2802 miscere.
522 2745 584 2803 inde
612 2747 649 2802 ait
671 2747 776 2804 Turnus
804 2747 832 2802 in
860 2754 950 2803 satura
975 2735 1021 2803 ‘ex
1042 2764 1097 2821 quo
1120 2746 1188 2805 Gae-

113 2849 202 2889 sareas
224 2830 333 2888 suboles
348 2832 464 2888 Lucusta
487 2832 582 2888 cecidit
602 2832 709 2889 horrida
733 2849 796 2889 cura
817 2832 860 2890 sui
874 2849 955 2889 verna
973 2842 1039 2890 nota
1052 2825 1188 2893 Neronis'.

113 2920 177 2975 haec
197 2917 354 2992 increpitata
376 2935 392 2974 a
412 2916 528 2982 Nerone,
552 2918 626 2992 quod
647 2917 750 2975 lentum
773 2933 905 2975 venenum
918 2916 1070 2975 Britannico
1092 2929 1192 2992 paras-·
1216 2914 1247 2983 ’,ζ’

74 3043 78 3048 -
112 3014 161 3069 set,
187 3011 240 3060 tam
262 3003 355 3061 ellicax
378 3001 460 3069 dedit,
483 3012 515 3060 nt
536 3012 677 3078 antequam
699 3003 828 3077 poculum
842 3003 1010 3060 Britannicus
1026 3003 1186 3068 exhauriret,

112 3090 139 3144 in
161 3088 284 3146 convivio
300 3088 414 3147 Neronis
436 3088 577 3163 expiraret.
663 3090 829 3164 propinquas
852 3088 915 3145 dicit
938 3099 1071 3161 tamquam
1092 3104 1105 3142 a
1128 3087 1186 3142 Lu-

112 3184 187 3232 custa
209 3175 312 3232 doctas.
342 3175 450 3249 qnidam
471 3191 568 3230 uxores
592 3174 695 3230 dicunt.
828 3176 866 3231 73
890 3172 976 3229 insula
998 3171 1047 3228 ubi
1069 3167 1186 3227 damnati

110 3259 294 3316 mittebantur.
383 3262 422 3317 76
439 3259 502 3316 dicit
515 3258 703 3316 emblematum
719 3277 798 3332 opus.
887 3261 925 3316 80
944 3256 1086 3313 Cluuienus
1109 3253 1184 3312 dele-

111 3362 158 3399 rus
180 3352 261 3417 poeta
285 3343 326 3400 vel
346 3345 481 3401 indoctus.
569 3345 607 3401 82
624 3361 639 3400 1
654 3344 788 3409 Themide,
812 3360 880 3418 quae
894 3350 956 3398 ante
971 3340 1123 3414 Apollinem
1138 3356 1186 3395 re·
1209 3344 1214 3353 ⁴
1245 3352 1252 3361 ·

113 3444 212 3501 sponsa
227 3427 315 3483 dabat.
354 3495 357 3500 ,
403 3430 441 3488 83
457 3428 547 3485 mollia
569 3445 638 3485 sara.
661 3423 695 3486 ut'
707 3428 832 3502 Virgilius
854 3426 891 3501 [p.
911 3429 936 3489 1,
955 3423 1006 3499 63]
1025 3414 1110 3481 ‘unde
1130 3424 1185 3482 bo·
1224 3488 1228 3494 ,
1257 3488 1261 3493 ,

110 3514 196 3570 mines
226 3511 296 3576 nati,
328 3512 425 3570 durum
452 3502 559 3587 genus'.
590 3523 617 3570 et
644 3513 687 3570 hie
715 3530 764 3586 per
792 3528 954 3569 consensum
983 3510 1101 3567 ostendit
1127 3527 1185 3569 esse

111 3598 290 3656 durissimum.
384 3598 422 3655 89
445 3597 564 3672 enlipsis,
587 3598 746 3655 subauditur
767 3596 868 3654 babuit.
967 3597 1006 3655 92
1028 3596 1185 3671 metaphora

111 3701 125 3740 a
147 3681 320 3742 bellantibus.
342 3680 370 3738 id
393 3683 503 3755 estqui
525 3699 595 3738 arma
619 3682 731 3756 praebet
754 3693 866 3739 tesseras
889 3689 916 3738 et
936 3680 1062 3738 tabulam.
1085 3685 1184 3758 etipse

110 3778 152 3828 est
166 3769 212 3845 qui
226 3784 351 3826 nummos
367 3767 402 3824 ob
418 3767 533 3842 pignora
546 3777 645 3840 portat.
733 3769 772 3825 93
789 3767 918 3824 horrenti.
941 3768 1074 3831 trementi,
1098 3769 1182 3826 nudo.

197 3951 230 4005 83
247 3953 306 4018 que]
327 3967 375 4018 qn
395 3952 419 4003 P
487 3952 518 4003 85
536 3948 611 4002 timor
629 3964 680 4002 om.
699 3910 797 4000 rata.
813 3964 833 4015 p
906 3951 938 4002 89
955 3949 1047 4001 iocnlis
1065 3950 1130 4015 Ppr.

945 4035 978 4085 ᾗ*
