2528 4364
469 219 563 271 LIBER
580 220 590 271 l
626 218 759 272 SATVRA
776 220 811 273 lV

104 392 190 452 cuius
213 400 299 452 erant
320 410 419 452 mores
442 392 535 471 qualis
559 392 705 466 facundia,
729 393 798 454 mite

104 477 268 555 ingenium.
313 477 402 536 maria
424 496 459 537 ac
481 487 576 538 terras
598 478 785 557 populosque
807 480 922 558 regenti

104 563 171 640 quis
194 580 294 622 eomes
316 562 426 636 utilior,
450 563 474 623 si
498 562 579 623 clade
603 570 631 623 et
652 571 736 641 peste
758 562 814 625 sub
837 563 885 624 illa

103 647 250 707 saevitiam
274 648 415 708 damnare
437 657 467 708 et
487 649 644 708 honestum
668 648 784 709 adferre
806 648 909 709 liceret
1147 660 1176 710 85

104 729 284 792 consilium?
306 732 356 792 sed
381 732 451 811 quid
472 732 630 793 violentius
652 750 723 793 aure
746 735 874 812 tyranni,

104 835 173 877 cum
196 835 254 895 quo
277 817 313 877 de
336 817 443 896 pluviis
465 826 515 877 aut
537 816 668 878 aestibus
690 827 741 878 aut
763 818 900 880 nimboso

104 920 171 962 vere
195 901 320 962 locuturi
345 903 435 962 latum
458 902 607 982 pendebat
628 900 737 963 amici?

103 987 151 1047 ille
173 986 263 1064 igitur
286 1005 447 1065 numquam
469 988 582 1048 derexit
605 987 740 1048 bracchia
763 997 867 1049 contra

103 1081 276 1143 torrentem,
299 1091 356 1132 nec
378 1073 448 1133 civis
470 1083 533 1133 erat
555 1073 605 1150 qui
629 1072 720 1134 libera
743 1082 844 1153 posset

102 1157 190 1217 verba
214 1157 303 1216 animi
327 1160 461 1235 prolerre
484 1167 514 1218 et
534 1158 620 1217 vitam
644 1159 808 1237 inpendere
831 1177 911 1219 vero.

101 1242 143 1301 sic
165 1242 272 1302 multas
294 1243 406 1303 hiemes
429 1250 517 1321 atque
540 1244 741 1321 octogensima
764 1244 833 1304 vidit

101 1326 234 1398 solstitia,
256 1327 303 1388 his
326 1329 416 1389 armis
438 1328 485 1388 illa
509 1345 628 1406 quoque
651 1337 733 1388 tutus
755 1329 785 1388 in
808 1329 883 1390 aula.

101 1412 254 1490 proximus
276 1412 408 1473 eiusdem
431 1411 610 1491 properabat
632 1412 742 1473 Acilius
763 1414 824 1474 aevi

102 1514 169 1556 cum
192 1499 298 1557 iuvene
321 1496 445 1576 indigno
469 1514 557 1575 quem
580 1515 661 1557 mors
683 1507 741 1557 tam
765 1515 847 1558 saeva
872 1507 1005 1559 maneret
1146 1508 1177 1557 95

100 1591 130 1640 et
152 1581 264 1642 domini
287 1582 390 1659 gladiis
412 1589 471 1642 tam
495 1581 648 1655 festinata3
671 1583 722 1642 sed
746 1582 815 1642 olim

100 1667 236 1746 prodigio
260 1685 314 1745 par
337 1675 380 1727 est
402 1667 432 1726 in
458 1665 610 1727 nobilitate
633 1676 780 1739 senectus,

99 1865 169 1921 cinio
198 1881 249 1921 suo
279 1866 306 1921 in
336 1872 431 1921 senatu
459 1865 496 1920 ita
525 1865 628 1938 coepit:
656 1854 760 1940 ‘patres
788 1865 935 1937 conscripti
958 1873 985 1922 et
1007 1874 1037 1921 tu
1059 1858 1176 1921 Caesar'.

98 1957 213 2024 propter
239 1951 311 2024 quod
343 1949 465 2007 simulata
493 1949 614 2006 oratione
643 1950 795 2024 plenissime
824 1949 967 2007 a'liherio
990 1949 1176 2007 conlaudatus.

99 2034 228 2108 plurimas
258 2044 355 2110 sponte
385 2052 478 2092 causas
505 2036 575 2109 apud
605 2036 625 2092 C
652 2054 678 2092 v.
701 2037 768 2110 egit,
797 2053 848 2110 pro
877 2052 930 2109 qua
958 2053 988 2091 re
1013 2036 1039 2090 in
1068 2033 1176 2090 basilica

98 2119 164 2175 lulia
192 2120 249 2177 eius
278 2130 365 2176 statua
394 2122 482 2195 posita
503 2130 553 2177 est.
577 2121 733 2178 consulatus
755 2123 825 2179 duos
847 2121 939 2195 gessit.
963 2138 1061 2178 uxores
1081 2118 1176 2176 habuit

99 2205 178 2269 duas,
209 2206 319 2280 primam
342 2207 496 2271 Domitiam,
527 2207 622 2264 deinde
645 2207 832 2281 Agrippinam,
862 2205 933 2262 illam
955 2207 1077 2270 amitam,
1106 2204 1176 2261 hanc

101 2299 210 2346 matrem
225 2291 338 2347 Neronis
354 2291 481 2349 Caesaris.
497 2291 618 2365 possedit
638 2291 678 2347 bis
700 2292 784 2350 milies
805 2292 937 2348 sestertia.
960 2293 1079 2347 omnium
1100 2289 1176 2362 prin·

101 2375 189 2448 cipum
210 2377 320 2449 gratiam
343 2376 487 2450 adpetivit,
517 2375 564 2432 sed
585 2376 729 2449 praecipue
752 2377 781 2433 C.
805 2377 934 2440 Caesaris,
959 2392 1038 2448 quem
1060 2376 1111 2430 iter
1131 2373 1176 2428 la-

100 2461 213 2517 cieutem
239 2471 348 2518 secutus
370 2471 412 2518 est
432 2477 482 2534 per
505 2460 588 2533 Alpis.
609 2460 654 2516 hic
676 2461 750 2517 nullo
773 2460 896 2516 audiente
917 2460 950 2514 ab
972 2459 1067 2515 eodem
1087 2458 1176 2513 inter-

99 2556 226 2618 rogatus,
256 2546 403 2602 haberetne
425 2546 495 2600 sicut
516 2546 574 2619 ipse
595 2559 656 2600 cum
679 2561 774 2602 sorore
796 2560 919 2619 germana
943 2541 1174 2607 consuetudinem,

96 2619 242 2687 ‘nondum'
264 2630 359 2703 inquit,
383 2631 553 2702 quantumvis
575 2629 701 2686 decenter
722 2640 748 2686 et
769 2637 854 2694 caute,
879 2645 912 2686 ne
927 2630 955 2686 C.
971 2635 1018 2685 aut
1032 2636 1174 2701 negantem

100 2733 160 2779 eum
183 2724 309 2789 argueret
330 2724 376 2770 aut
398 2714 592 2771 adsentientem
614 2713 720 2772 sibimet
740 2715 877 2772 mendacio
894 2715 1094 2773 dehonestaret.
1108 2730 1176 2787 per-

99 2801 129 2855 iit
156 2817 204 2873 per
232 2799 353 2856 fraudem
378 2798 554 2873 Agrippinae,
586 2816 665 2873 quam
692 2799 815 2858 heredem
838 2800 997 2876 reliquerat,
1032 2809 1057 2857 et
1080 2799 1175 2857 funere

99 2882 208 2958 publico
231 2884 315 2942 elatus
338 2894 388 2941 est.
515 2886 553 2944 89
577 2885 602 2941 id
627 2894 668 2942 est
691 2903 834 2961 numquam
856 2886 1039 2944 voluntatibus
1060 2885 1174 2942 Neronis

100 2968 213 3026 obstitit.
301 2972 340 3030 92
353 2972 402 3050 ⁴sic
423 2970 451 3027 in
472 2971 524 3028 rita
547 2970 592 3027 diu
614 2970 782 3046 multumque
803 2972 917 3037 duravit,
941 2973 1005 3028 dum
1020 2971 1172 3046 praeceptis

99 3056 215 3112 Caesaris
230 3066 315 3128 paret.
403 3059 442 3116 94
462 3046 576 3114 ‘Acilius
591 3056 741 3113 Glabrionis
763 3057 832 3113 lilius
847 3058 943 3114 consul
958 3055 1008 3112 sub
1024 3054 1174 3112 Domitiano

98 3140 148 3198 tuit
169 3142 271 3217 Papinii
286 3143 362 3200 Statii
385 3143 502 3200 carmine
523 3142 557 3199 de
579 3141 650 3198 bello
667 3143 822 3199 Germanico
846 3144 919 3217 quod
935 3140 1097 3197 Domitianus
1120 3138 1175 3211 egit

97 3225 242 3299 probatus:
263 3217 378 3284 ‘lumina
394 3228 517 3285 Nestorei
531 3227 602 3284 mitis
616 3227 760 3300 prudentia
775 3227 869 3300 Crispi,
894 3236 921 3283 et
936 3225 1030 3281 ratius
1047 3222 1171 3288 Veiento;

97 3318 235 3384 potentem
257 3313 345 3385 signat
366 3320 512 3386 utrumque
534 3329 664 3386 purpura,
687 3320 730 3368 ter
751 3329 882 3368 memores
904 3309 1051 3382 implerunt
1066 3307 1173 3363 nomine

97 3395 197 3460 lastos;
222 3403 248 3450 et
270 3412 355 3470 prope
377 3399 519 3454 Caesareae
541 3397 654 3454 conticis
671 3395 771 3453 Acilius
793 3392 877 3452 aulae’
900 3394 993 3454 Valla.
1079 3392 1174 3449 consul

98 3478 149 3536 sub
165 3479 312 3535 Domitiano
334 3479 393 3536 luit.
409 3481 534 3554 indignus
556 3481 612 3556 pati
634 3498 702 3555 quae
722 3497 818 3556 passus
840 3490 890 3537 est.
912 3478 992 3534 huius
1013 3493 1073 3534 cum
1095 3477 1173 3535 inve-

98 3582 160 3623 nem
182 3563 253 3622 Nero
283 3565 433 3630 occideret,
461 3566 549 3640 ipsum
570 3565 684 3623 Acilium
714 3564 842 3635 servarit,
873 3564 920 3639 qui
942 3579 1041 3637 poenas
1061 3563 1173 3621 sentiret

99 3651 232 3709 orbitatis.
326 3648 450 3723 Virgilius
472 3649 551 3724 [Aca.
575 3653 603 3714 2,
629 3649 701 3724 561]
720 3640 765 3706 ‘ut
785 3667 877 3723 regem
899 3644 1081 3722 aequaevum'.

185 3843 217 3894 83
236 3845 316 3893 terras
330 3847 401 3906 pw:
421 3841 485 3892 terra
504 3840 528 3890 P
544 3843 634 3891 terram
653 3840 766 3890 Iahnius
845 3840 944 3905 gerenti
962 3841 994 3890 P:
1013 3839 1056 3891 nel
1072 3840 1171 3905 regenti

95 3925 115 3975 p
186 3912 219 3964 88
236 3909 362 3962 locuturis
380 3909 448 3974 Ppr.
519 3910 551 3962 95
570 3912 621 3960 tam
641 3925 676 3960 ear
693 3909 786 3960 iamP
851 3912 883 3963 96
901 3910 951 3960 iam
970 3924 1005 3958 aa
1023 3912 1108 3973 temp

99 3979 131 4031 97
150 3978 176 4030 iu
192 3985 262 4045 pw:
280 3976 439 4029 tantundem
457 3977 610 4029 litterarum
629 3993 734 4029 crorum
752 3979 780 4028 r'rr
799 3979 826 4029 P.
845 3993 901 4030 cum
920 3978 1047 4028 Pithoeus

948 4059 983 4110 ite
