2528 4364
93 187 135 248 72
519 144 522 150 Ι
544 185 719 239 lvvnNALrs

95 361 167 420 haec
189 360 288 460 animo
311 367 380 419 ante
402 358 497 430 tubas,
521 358 666 436 galeatum
690 375 758 417 sero
781 358 901 454 duelli...
912 327 1233 486 must&

912 476 1054 544 pm.
1082 462 1095 488 ‘
1127 456 1176 506 17⁰

95 445 236 524 paenitet.
271 443 407 522 experiar
428 442 498 521 quid
522 442 703 521 concedatur
726 443 755 502 in
779 442 845 503 illos

96 547 224 607 quorum
248 528 390 589 Flaminia
412 528 523 606 tegitur
544 529 619 590 cinis
641 534 728 606 atque
751 527 863 588 Latina.

548 810 679 864 SATVRA
698 811 718 863 ll
789 709 870 842 M

95 918 176 979 Vltra
199 917 388 978 Sauromatas
410 916 514 994 lugere
537 917 607 977 hinc
630 915 703 976 libet
725 925 754 976 et
775 916 926 994 glacialem

97 1003 260 1076 Oceanum,
283 1001 423 1080 quotiens
445 1001 554 1080 aliquid
578 1001 615 1062 de
637 1002 770 1062 moribus
792 1002 902 1063 audent

95 1088 145 1166 qui
170 1087 274 1148 Curios
296 1086 435 1147 simulant
458 1094 487 1146 et
508 1086 699 1147 Bacchanalia
723 1086 832 1148 vivunt.

94 1173 207 1233 indocti
229 1172 368 1250 primum,
392 1189 570 1250 quamquam
593 1172 681 1250 plena
704 1172 803 1232 omnia
827 1191 919 1252 gypso

96 1257 252 1337 Chrysippi
275 1256 422 1330 invenias3
447 1274 513 1315 nam
536 1256 768 1335 perfectissimus
790 1258 907 1332 horum,

96 1343 120 1402 si
144 1342 210 1420 quis
232 1341 411 1401 Aristotelen
435 1340 559 1402 similem
582 1342 627 1402 rel
649 1341 784 1402 Pittacon
809 1343 879 1402 emit
949 1342 952 1351 “

95 1435 125 1486 et
147 1426 229 1486 iubet
251 1427 427 1505 archetypos
449 1426 584 1505 pluteum
606 1445 722 1488 servare
745 1426 910 1488 Cleanthas.

96 1511 202 1571 lrontis
225 1510 306 1572 nulla
329 1511 416 1585 fides3
440 1511 506 1589 quis
529 1512 608 1571 enim
633 1531 693 1572 non
718 1511 798 1572 vicus
821 1511 951 1573 abundat

95 1596 230 1656 tristibus
254 1593 433 1656 obscaenis?
456 1595 580 1674 castigas
602 1597 709 1676 turpia,
733 1615 800 1658 cum
823 1597 863 1658 sis

95 1680 175 1741 inter
197 1680 363 1742 Socraticos
386 1681 537 1742 notissima
560 1682 638 1743 fossa
662 1680 823 1743 cinaedos?
1144 1691 1175 1742 10

96 1765 210 1844 hispida
234 1766 366 1850 membra
390 1766 508 1844 quidem
533 1774 562 1825 et
584 1766 675 1826 durae
697 1784 751 1844 per
774 1766 911 1827 bracchia
934 1775 1030 1828 saetae

96 1851 276 1929 promittunt
297 1860 427 1912 atrocem
450 1852 591 1924 animum,
615 1850 665 1910 sed
689 1851 794 1929 podice
816 1851 873 1912 leri

98 1937 262 1996 caeduntur
284 1935 413 1996 tumidae
436 1934 551 1995 medico
574 1935 689 1995 ridente
713 1935 863 1996 mariscae.

97 2039 182 2081 rarus
205 2038 303 2080 sermo
326 2020 383 2080 illis
406 2027 435 2079 et
457 2037 563 2097 magna
585 2018 675 2079 libido
699 2021 816 2081 tacendi

96 2112 184 2181 atque
207 2103 366 2182 supercilio
389 2102 507 2164 brevior
529 2122 623 2164 coma.
667 2105 765 2166 verius
787 2124 859 2185 ergo
919 2160 921 2165 .

97 2196 126 2249 et
148 2189 240 2266 magis
263 2188 393 2266 ingenue
415 2188 618 2264 Peribomius3
640 2190 722 2251 bunc
745 2209 799 2270 ego
823 2191 890 2252 fatis

95 2361 244 2418 lacessitus.
275 2361 349 2436 Virg.
373 2358 453 2436 [deo.
476 2363 505 2426 2,
530 2361 581 2434 97]
601 2352 676 2420 ‘hinc
697 2364 761 2420 mihi
784 2364 869 2437 prima
892 2362 954 2418 mali
977 2347 1071 2418 labes’.

185 2449 243 2505 169
273 2448 349 2505 tarde
376 2448 495 2530 paenitet
519 2449 645 2505 indixisse
672 2448 787 2513 bellum,
823 2465 883 2504 cum
909 2447 959 2503 iam
981 2462 1073 2521 pugna
1095 2462 1174 2503 com-

95 2533 174 2589 missa
196 2532 240 2590 sit.
330 2536 386 2591 171
412 2534 468 2591 viae
489 2533 516 2589 in
540 2533 637 2608 quihus
659 2532 763 2591 nobiles
786 2532 995 2607 sepeliebantur.

181 2618 203 2673 ll
229 2621 242 2676 1
268 2618 402 2676 Sarmatae
430 2620 515 2676 ultimi
544 2619 615 2676 ultra
642 2619 759 2676 Pontum
787 2628 866 2682 sunt,
895 2618 973 2674 vicini
997 2621 1172 2674 Amazonum.

95 2701 167 2756 unde
190 2701 363 2759 Sauromatae
386 2704 565 2778 appellantur.
653 2705 670 2762 3
693 2705 719 2760 id
743 2713 784 2761 est
806 2704 853 2778 qui
874 2703 925 2759 suh
947 2702 1076 2778 figmento
1092 2718 1173 2757 seve·

95 2783 181 2840 ritatis
213 2796 277 2841 sunt
307 2787 434 2859 inpudici.
468 2805 529 2844 nam
556 2804 629 2843 sacra
658 2789 826 2845 Bacchanalia
860 2807 893 2846 ex
919 2789 968 2845 SC.
995 2786 1174 2844 condemnata

95 2876 174 2930 sunt,
205 2885 268 2924 cum
294 2869 438 2942 probatum
471 2880 542 2928 esset
574 2873 678 2928 senatui
705 2871 904 2930 honestissimas
926 2873 1036 2930 feminas
1058 2871 1092 2927 ad
1115 2871 1173 2927 Sti-

94 2950 183 3010 mulae
206 2953 270 3009 deae
291 2953 382 3008 lucum
404 2953 482 3011 foede
504 2955 657 3012 adulterari.
746 2958 908 3030 bimagines
924 2955 1064 3032 Chrysippi
1077 2954 1170 3029 philo-

96 3038 174 3113 sophi
195 3037 312 3095 invenies
335 3038 406 3113 apud
428 3056 474 3096 eos
496 3039 578 3096 lactas
602 3040 634 3097 de
655 3041 742 3114 gipso.
770 3043 816 3116 qui
844 3042 895 3099 fuit
923 3044 1070 3100 stoicorum
1091 3041 1172 3114 prin-

97 3141 170 3198 ceps.
258 3126 275 3181 6
292 3121 443 3180 Aristotelis
458 3125 599 3199 imaginem
614 3126 724 3182 similem
737 3126 779 3184 vel
794 3136 917 3184 statuam.
1007 3131 1043 3186 10
1062 3125 1172 3182 Aristo-

95 3210 197 3283 phanes
218 3209 318 3266 lacerat
338 3208 475 3265 Socratem
498 3220 524 3266 et
546 3211 690 3284 discipulos
712 3212 804 3286 ipsius,
829 3230 890 3269 cum
911 3213 946 3269 sit
967 3223 993 3269 et
1014 3213 1072 3286 ipse
1093 3211 1171 3283 peior

95 3294 242 3369 plerisque.
332 3296 368 3351 13
393 3310 453 3349 nam
475 3296 640 3353 invenientes
662 3298 750 3371 stupri
771 3298 882 3371 vestigia
903 3297 996 3354 medici
1019 3297 1117 3353 rident.
1143 3295 1171 3351 id

96 3389 138 3435 est
158 3380 321 3454 intellegunt
341 3388 369 3436 et
390 3381 528 3437 denotant.
661 3386 697 3441 16
722 3381 888 3439 Peribomius
911 3399 1010 3440 nomen
1033 3379 1171 3454 archigalh

95 3462 210 3529 cinaedi,
235 3482 316 3539 quem
337 3465 474 3539 magnlum
497 3476 705 3540 conspurcatum
728 3468 849 3525 dicimus.
878 3469 924 3542 qui
954 3467 1061 3542 publice
1087 3466 1171 3539 inpu-

94 3546 209 3605 dicitiam
231 3550 370 3622 professus
393 3561 442 3608 est.

183 3729 232 3780 169
249 3730 289 3779 sic
307 3731 399 3782 Proici
416 3733 488 3796 qnod
506 3749 521 3783 o
539 3747 623 3796 cupra
649 3749 771 3785 narsum:
799 3734 927 3786 animante
951 3733 1012 3785 tuba
1036 3748 1057 3799 p
1086 3732 1169 3784 anime

96 3799 156 3847 ante
173 3796 248 3848 tubas
268 3795 347 3848 Valla
418 3803 466 3853 170
485 3800 530 3866 qui
548 3801 614 3865 Ppr.

181 3863 251 3916 llde
268 3862 378 3917 filoscfis
396 3867 515 3920 obscenis
535 3869 642 3919 titulum
659 3871 738 3920 habet
755 3871 779 3920 P
853 3873 862 3920 1
883 3869 926 3921 hic
944 3871 1010 3935 Ppr.
1092 3872 1106 3922 5
1125 3868 1171 3920 ho-

95 3933 160 3996 rum]
179 3935 219 3984 est
237 3932 371 4000 adiecitp
443 3938 474 3988 tt
491 3936 638 4001 peribomns
655 3938 723 4004 Ppr.
