2528 4364
509 188 640 242 strvttt
659 189 683 241 V

58 379 126 422 cum
151 361 252 422 blandi
275 360 396 421 comites
418 368 540 438 totaque
562 361 677 439 inpune
700 362 815 423 Subura

56 446 193 526 permisit
214 445 357 525 sparsisse
382 444 484 506 oculos
506 446 564 506 iam
587 446 730 507 candidus
752 447 854 525 umbo,

55 550 184 609 cumque
207 531 263 592 iter
285 529 455 610 ambiguum
479 539 574 592 estet
596 531 670 591 vitae
693 533 811 594 nescius
834 552 918 594 error

56 616 176 678 deducit
197 616 329 696 trepidas
351 633 465 677 ramosa
488 616 519 676 in
544 616 672 694 compita
695 628 818 691 mentes,

56 721 105 762 me
126 701 180 762 tibi
203 701 357 781 supposui.
401 711 521 761 teneros
545 710 577 761 tu
600 701 725 782 suscipis
748 721 844 764 annos

56 787 220 860 Socratico,
244 787 385 859 Comme,
408 786 486 846 sinu.
521 796 594 847 tunc
616 786 716 847 fallere
739 788 843 850 sollers

56 872 189 952 adposita
212 871 340 932 intortos
362 871 494 932 extendit
516 871 617 950 regula
640 890 748 944 mores,

57 967 88 1018 et
109 956 254 1036 premitur
276 957 390 1017 ratione
413 956 529 1017 animus
551 957 687 1035 vincique
710 956 824 1018 laborat

57 1041 261 1121 artificemque
283 1050 334 1102 tuo
356 1040 436 1102 ducit
459 1059 515 1121 sup
538 1042 644 1121 pollice
667 1043 791 1104 vultum.

55 1138 156 1188 tecum
180 1127 290 1187 etenim
312 1126 418 1205 longos
441 1127 563 1187 memini
587 1145 763 1188 consumere
785 1128 863 1189 soles

57 1222 88 1272 et
108 1222 208 1272 tecum
229 1212 338 1290 primas
361 1211 456 1289 epulis
479 1212 640 1291 decerpere
663 1222 775 1273 noctes.

59 1315 154 1358 unum
177 1315 252 1376 opus
274 1305 304 1356 et
325 1296 459 1374 requiem
482 1297 592 1375 pariter
613 1297 798 1377 disponimus
820 1296 908 1358 ambo

48 1390 147 1461 >atque
171 1381 336 1442 verecunda
358 1381 490 1442 laxamus
513 1382 588 1442 seria
611 1400 722 1444 mensa.

57 1486 120 1528 non
144 1466 281 1546 equidem
304 1467 360 1528 hoc
383 1465 510 1539 dubites,
532 1467 687 1528 amborum
709 1466 830 1528 loedere
852 1476 935 1527 certo
1104 1477 1133 1526 45

58 1553 230 1614 consentire
253 1551 315 1612 dies
337 1561 367 1612 et
388 1551 424 1611 ab
448 1570 509 1611 uno
532 1552 628 1613 sidere
650 1552 734 1613 duci:

58 1645 160 1699 nostra
181 1637 227 1697 vel
250 1637 363 1715 aequali
386 1636 541 1716 suspendit
562 1646 696 1716 tempora
719 1636 794 1697 libra

57 1723 149 1783 Parca
171 1731 259 1783 tenax
281 1722 351 1794 veri,
373 1741 425 1782 seu
450 1730 516 1781 nata
540 1723 674 1783 fidelibus
696 1722 769 1782 hora

144 1862 183 1919 32
206 1860 312 1916 Subura
333 1877 396 1934 pars
418 1859 493 1917 urbis
515 1859 730 1934 frequentissima
752 1869 780 1916 et
800 1858 933 1916 illecebris
956 1857 1042 1931 plena.

144 1947 183 2005 33
206 1945 335 2002 candidus
366 1945 449 2002 umbo
482 1946 692 2020 synecdochicos
724 1962 775 2019 pro
808 1954 881 2018 toga.
915 1943 1032 2017 alioquin
1058 1943 1133 1999 etin

54 2039 194 2106 praetexta
215 2031 341 2087 candidus
363 2030 445 2086 umbo
469 2041 519 2088 est.
585 2035 624 2090 34
641 2032 790 2088 secundum
804 2030 971 2105 Pythagorae
992 2030 1132 2091 rationem,

54 2115 102 2191 qni
122 2116 146 2170 Y
166 2115 272 2173 litterae
293 2115 405 2171 similem
427 2117 506 2172 vitam
529 2126 650 2173 nostram
672 2135 729 2173 csse
752 2114 864 2173 dicebat.
967 2117 1005 2173 35
1030 2131 1133 2170 ramosa

55 2201 171 2275 compita
193 2201 256 2258 dicit
276 2201 369 2275 plures
390 2200 444 2257 vias
466 2201 597 2266 habentia,
620 2211 651 2258 ut
672 2202 699 2257 in
714 2210 852 2258 stemmate
865 2201 932 2257 rami
946 2200 1029 2274 sparsi
1045 2202 1134 2258 solent

54 2303 124 2344 esse.
233 2289 272 2345 36
295 2287 432 2343 ineuntem
454 2287 661 2344 adulescentiam
683 2305 767 2344 meam
789 2287 932 2360 sapientiae
954 2285 1132 2342 contubernio

54 2380 83 2428 et
108 2369 204 2428 morali
231 2372 344 2428 tuitione
374 2372 496 2446 suscipis.
526 2381 553 2428 et
579 2371 647 2428 bene
669 2373 705 2429 ait
727 2373 769 2428 hic
790 2372 903 2445 suscipis
924 2381 1037 2444 propter
1059 2370 1133 2444 quod

53 2457 91 2513 ait
121 2457 262 2530 supposui.
372 2458 409 2514 37
435 2457 531 2513 sollers
563 2456 656 2514 lallere
688 2458 748 2513 ideo
771 2456 843 2519 dixit,
878 2457 940 2529 quia
961 2473 1023 2512 cum
1044 2455 1133 2511 stultis

54 2541 217 2615 obrepatur,
246 2541 379 2615 sapientes
412 2550 520 2616 oportet
551 2552 624 2599 recte
656 2558 820 2615 cognoscere
852 2550 884 2596 ut
904 2541 960 2613 ipsa
983 2539 1132 2596 emendatio

53 2627 127 2684 lente
149 2643 180 2682 ac
201 2626 258 2683 sine
280 2636 414 2683 tormento
439 2628 492 2698 fiat,
515 2644 549 2682 ne
570 2627 739 2700 asperitatem
761 2627 897 2682 doctrinae
919 2626 946 2680 in
968 2626 1032 2699 ipsis
1055 2624 1132 2682 rudi·

54 2712 152 2768 mentis
174 2727 230 2766 non
252 2712 399 2768 tolerantes
420 2713 590 2786 impatienter
611 2712 700 2768 lerant
721 2711 827 2783 corrigi.
942 2714 981 2769 40
1005 2709 1132 2767 artificem

54 2795 169 2858 vultum,
192 2813 242 2871 per
264 2806 349 2853 artem
371 2797 479 2861 iactum,
504 2798 651 2854 secundum
667 2797 832 2854 intellectum
846 2796 1049 2853 simulacrorum
1066 2813 1133 2870 quae

54 2880 89 2938 ab
111 2880 256 2938 artificibus
277 2881 426 2955 finguntur.
509 2886 548 2942 46
571 2884 623 2939 hoc
645 2884 793 2940 secundum
815 2882 966 2956 astrologos
990 2883 1062 2946 dicit,
1087 2881 1133 2956 qui

54 2966 148 3025 dicum
170 2967 318 3024 nativitates
340 2967 480 3025 hominum
502 2969 528 3023 in
551 2968 683 3025 sideribus
706 2977 838 3025 constare.
925 2970 963 3025 47
988 2967 1015 3023 in
1031 2969 1133 3025 diversa

55 3052 173 3108 eiusdem
195 3051 279 3108 librae
300 3052 376 3109 lance
397 3053 514 3127 impositi
536 3053 646 3128 aequale
670 3071 779 3110 examen
800 3053 963 3110 habuerunt.
1065 3051 1133 3107 libra

54 3144 145 3194 autern
167 3137 298 3212 significat
319 3155 404 3194 unum
426 3156 457 3194 er
479 3140 619 3195 duodecim
641 3139 734 3212 signis.
842 3137 945 3212 aequali
972 3136 1048 3209 libra,
1071 3137 1134 3208 qnia

54 3238 196 3279 mensurae
227 3224 285 3279 vice
317 3222 439 3298 fungitur
472 3225 498 3279 in
531 3225 710 3298 aequinoctio.
742 3232 773 3279 ut
806 3223 937 3296 Vergilius
959 3220 995 3295 [p.
1016 3226 1040 3285 1,
1059 3219 1131 3293 208]

49 3299 133 3363 ‘libra
162 3308 205 3364 die
232 3309 374 3382 somnique
401 3326 479 3382 pares
508 3309 553 3365 ubi
575 3309 668 3366 lecerit
689 3303 789 3366 horas’.
896 3308 990 3362 horam
1012 3315 1132 3361 nostram

54 3391 152 3458 latum,
183 3394 256 3467 quod
284 3394 380 3451 mutari
409 3394 508 3458 nescit,
537 3393 607 3450 libra
628 3395 774 3451 coniunxit.
883 3393 923 3449 48
947 3391 1008 3463 quia
1031 3399 1133 3446 tantum
1172 3416 1173 3419 ¹

141 3541 175 3595 33
198 3541 293 3605 sparsis
315 3540 339 3591 B
443 3543 475 3593 35
493 3540 595 3593 Diducit
618 3545 638 3605 ς
659 3539 781 3592 Treducit
805 3538 918 3590 Semina
938 3538 1006 3588 Aen.
1026 3537 1132 3590 V1136

142 3609 175 3660 36
193 3609 297 3673 seposui
317 3611 382 3660 0th
401 3610 526 3676 supposui
543 3609 625 3671 sterit.
642 3609 765 3673 Friring.
785 3621 844 3657 com
862 3606 925 3656 aliia
983 3606 1093 3672 suspicis
1112 3609 1135 3658 Ρ

56 3675 108 3742 (pic
125 3679 156 3726 in
174 3681 239 3740 ros.)
309 3679 341 3729 37
360 3681 414 3728 tum
435 3683 458 3727 α
528 3680 561 3729 40
578 3675 758 3742 Anaficemque
776 3682 799 3726 α
878 3677 909 3728 41
929 3675 1032 3726 memini
1050 3689 1091 3725 rne
1111 3690 1132 3725 c.

56 3741 125 3804 Pes.
140 3744 347 3797 eboliambum3
428 3748 461 3798 45
475 3744 600 3796 foderea
670 3743 853 3811 trequatisot
923 3742 1131 3808 suspendittttP:

55 3812 181 3932 {pepehndi
199 3815 224 3894 ς,
243 3813 316 3931 {nield
328 3817 400 3932 tange
420 3815 567 3930 ppoborarp
585 3814 655 3934 11ιὲἒὲ
672 3818 904 3932 ηεῖἑιιηιψῗιωΜ
928 3827 989 3930 clun}
1005 3810 1079 3928 atlntci,
1090 3809 1133 3928 tcf.

54 3896 346 4014 thllllltftle
363 3897 582 4015 plllllttlln
596 3897 690 4010 nil·
737 3894 934 4002 lt‘ttttt
963 3896 976 3928 ⁰
1003 3893 1089 3997 0l²l
1104 3895 1133 3928 ff
