2528 4364
463 205 556 287 33333
574 208 584 259 3
620 206 752 260 sarrae
771 209 791 262 u

130 380 272 457 fugerunt
294 378 401 457 trepidi
424 397 491 438 vera
515 397 548 439 33
572 381 726 441 manifesta
750 390 908 441 canentem

88 464 249 540 Stoicidae;
273 463 342 542 quid
366 464 447 524 enim
470 464 534 524 lalsi
556 463 706 530 Laronia?
728 465 778 525 sed
803 467 872 544 quid

89 568 151 610 non
175 549 286 609 sacient
308 549 364 624 alii,
389 567 456 609 cum
480 559 512 609 tu
534 550 665 611 multicia
688 568 795 624 sumas,

87 635 213 708 Cretico,
236 643 265 694 33
287 635 363 694 hanc
386 644 495 695 vestem
518 635 630 713 populo
653 635 777 695 mirante
800 655 921 715 perores

87 720 117 780 in
142 719 283 781 Proculas
306 729 335 779 33
357 718 511 782 Pollittas?
534 730 579 780 est
600 721 722 781 moecha
745 720 876 795 Fabulla,

88 804 289 866 damnetur
267 824 291 865 33
313 805 364 878 333,
389 805 474 865 etiam
499 806 625 866 Carfinia
649 806 737 866 talem

86 909 149 951 non
173 900 270 950 sumet
258 890 428 950 tdamnata
450 899 558 969 togam
600 884 665 952 ‘sed
688 889 778 951 lulius
801 892 892 965 ardet,

85 965 207 1038 aestuo?
255 975 353 1037 nudus
374 994 458 1054 agas:
482 977 581 1037 minus
603 986 647 1037 333
669 976 784 1037 3333333
807 977 910 1055 turpis.

87 1078 124 1120 en
148 1060 279 1120 habitum
303 1078 363 1137 quo
385 1069 414 1121 te
436 1060 517 1140 leges
539 1080 573 1122 ac
595 1061 661 1122 iura
683 1062 829 1122 ferentem

86 1145 260 1205 vulneribus
283 1146 382 1206 crudis
404 1147 533 1226 populus
554 1148 642 1208 modo
666 1147 760 1208 333333
783 1157 812 1208 33
833 1146 905 1208 illud

86 1239 261 1290 montanum
284 1230 388 1310 positis
410 1231 524 1292 audiret
545 1232 651 1311 vulgus
673 1233 786 1293 aratris.

87 1315 157 1392 quid
181 1333 241 1375 333
266 1316 439 1393 proclames,
463 1317 493 1376 in
518 1335 644 1397 corpore
666 1317 771 1378 iudicis
793 1317 847 1377 isla

87 1399 109 1459 si
133 1397 253 1460 videas?
277 1419 386 1478 quaero
409 1419 447 1461 an
470 1401 594 1461 deceant
616 1402 746 1461 multicia
768 1410 882 1463 testem.

86 1501 155 1544 acer
177 1493 207 1545 et
228 1484 389 1546 indomitus
410 1485 613 1562 libertatisque
635 1487 785 1564 magister,

87 1569 211 1642 6333333,
235 1570 381 1648 perluces.
425 1569 505 1630 dedit
526 1571 604 1630 banc
627 1571 764 1648 contagio
787 1571 883 1632 labem

87 1661 115 1714 33
137 1654 218 1715 dabit
240 1655 270 1714 in
294 1655 404 1734 plures,
427 1655 503 1715 sicut
526 1672 598 1731 grex
619 1663 700 1717 totus
722 1656 752 1715 in
777 1657 854 1734 agris

86 1739 174 1800 unius
197 1740 294 1800 scabie
317 1740 395 1801 cadit
417 1749 446 1799 33
468 1740 621 1819 porrigine
644 1742 728 1819 porci

86 1843 201 1903 uvaque
225 1834 383 1904 conspecta
407 1826 529 1886 livorem
552 1826 633 1886 (lucit
655 1826 690 1886 ab
714 1845 779 1886 333.

84 1910 199 1970 lnedius
222 1911 279 1970 boc
302 1911 411 1990 aliquid
433 1913 612 1990 quandoque
635 1911 756 1973 audebis
779 1912 897 1985 amictu,

86 2014 175 2054 nemo
198 2007 321 2074 repente
344 1997 400 2057 luit
421 1997 620 2076 turpissimus.
664 1997 812 2076 accipient
833 2007 862 2059 33

86 2080 225 2157 paulatim
250 2083 300 2160 qui
323 2083 411 2160 longa
433 2083 513 2143 domi
536 2083 708 2145 redimicula
731 2092 854 2144 sumunt

86 2165 236 2226 frontibus
260 2176 288 2227 et
310 2176 371 2227 3333
394 2186 522 2246 posuere
545 2168 666 2229 monilia
689 2169 765 2229 collo

86 2259 174 2328 atque
196 2250 305 2312 bonam
328 2262 448 2313 tenerae
472 2253 590 2331 placant
578 2253 769 2314 tabdomine
792 2271 900 2332 porcae

85 2344 114 2394 et
136 2354 244 2414 magno
268 2346 381 2397 3333333
404 2337 498 2397 deam
543 2338 593 2398 sed
618 2356 700 2398 33333
723 2339 843 2398 33333333

85 2423 197 2499 exegit
199 2429 227 2481 ta
250 2422 357 2500 procul
379 2441 440 2480 non
463 2423 554 2482 intrat
576 2422 686 2482 femina
708 2422 815 2482 limen:

85 2505 155 2567 solis
178 2524 227 2564 ara
250 2507 321 2565 deae
344 2504 475 2565 maribus
496 2514 586 2584 patet.
628 2501 682 2565 ‘ite
705 2496 860 2584 prolanae'

170 2627 209 2682 65
233 2626 279 2698 qui
308 2625 358 2681 sub
389 2635 527 2699 praetextu
557 2626 743 2726 philosophiae
771 2625 904 2681 infamiam
934 2634 1067 2681 exercent.
1097 2626 1160 2682 dicit

83 2709 293 2774 contumeliose,
325 2719 356 2767 33
378 2711 451 2785 Virg
483 2710 562 2785 [Aeo.
586 2713 614 2775 9,
640 2700 741 2784 637]
746 2728 848 2767 33333
869 2695 1025 2785 33333333.
1050 2711 1159 2768 Persius

84 2794 124 2868 [1,
151 2794 180 2867 4]
200 2783 364 2853 Troiades.
459 2798 496 2855 66
520 2805 608 2853 333333
630 2796 747 2853 molliori
769 2805 855 2854 textas
877 2795 1036 2862 subtemine,
1061 2796 1159 2872 quibus

82 2880 171 2937 solent
194 2880 233 2936 uti
254 2881 368 2977 puellae.
501 2884 540 2940 68
564 2883 597 2939 de
619 2892 727 2939 eentum
749 2900 813 2939 333.
836 2883 869 2940 de
891 2881 1086 2939 meretricibus.

170 2970 207 3023 71
232 2966 320 3024 minus
342 2967 449 3024 nuditas
472 2984 553 3041 quam
575 2967 679 3024 infamis
702 2967 845 3042 ignominia
869 2969 1015 3024 deridetur.
1118 2969 1157 3026 78

80 3049 132 3107 hoc
154 3051 262 3109 3333333
290 3052 332 3109 333
354 3052 500 3127 quemlibet
530 3052 647 3110 nobilem
676 3054 808 3128 significat
832 3053 873 3110 vel
895 3053 991 3110 lulium
1015 3053 1157 3123 Creticum,

82 3137 128 3208 qui
150 3137 201 3193 sub
218 3137 374 3196 Caesaribus
389 3137 508 3196 illustres
524 3155 617 3196 causas
640 3139 704 3213 egit.
793 3141 831 3198 80
849 3148 876 3196 33
890 3138 964 3212 Virg.
981 3137 1043 3212 [ecl.
1063 3138 1089 3199 1,
1107 3134 1159 3210 51]

76 3214 126 3276 ‘ne
148 3221 215 3278 mala
238 3223 315 3280 333333
336 3225 443 3298 peeoris
466 3224 589 3299 contagia
610 3211 744 3281 laedant'.
822 3225 858 3282 81
884 3224 937 3279 boc
959 3240 992 3279 33
1013 3219 1157 3295 proverbio

81 3307 210 3361 sumitur.
229 3301 296 3363 ‘uva
318 3326 395 3364 uvam
417 3310 531 3366 videndo
555 3310 624 3365 33333
646 3296 702 3365 lit'.
792 3311 830 3367 83
855 3308 883 3364 id
905 3315 946 3363 est
967 3308 994 3363 33
1015 3322 1158 3361 numerum

80 3389 251 3445 cinaedorum
273 3393 401 3464 paulatim
422 3395 584 3468 suscipiaris.
709 3397 747 3453 86
771 3402 890 3450 tenerae.
913 3392 938 3446 id
963 3399 1003 3447 est
1025 3389 1155 3456 novellae,

167 3476 204 3532 89
230 3474 304 3532 deae.
326 3477 391 3534 baec
406 3478 509 3536 Cereris
532 3495 605 3535 33333
629 3479 739 3535 iaciunt.
836 3493 897 3533 3333
919 3476 1002 3550 magis
1024 3475 1100 3532 nefas
1122 3475 1157 3533 sit

79 3559 112 3616 ad
134 3560 186 3614 boc
207 3558 326 3616 virorum
349 3579 509 3636 quemquam
533 3564 674 3630 accedere,
698 3565 781 3638 magis
804 3562 866 3618 viris
888 3568 962 3634 patet
982 3570 1010 3619 et
1031 3561 1155 3619 mulieres

77 3644 227 3718 pelluntur.

164 3759 196 3810 68
215 3757 320 3824 pollilas
338 3759 526 3826 Ppollucesp
602 3761 700 3813 tabulla
716 3776 734 3826 p
752 3759 848 3812 labulla
868 3766 898 3811 w
986 3763 1019 3814 69
1037 3760 1153 3813 Carsania

77 3825 266 3892 improbissima
286 3828 379 3880 1333333
399 3828 532 3894 leianua
550 3830 605 3895 dig.
624 3830 707 3892 1111,
727 3830 750 3890 1,
768 3830 785 3880 5
884 3827 1026 3881 addeceat
1045 3831 1154 3893 Plcin

77 3895 241 4017 bibufiagorr
255 3899 287 4030 {²9
305 3897 381 3949 333333
398 3898 464 3963 Ppr.
536 3899 568 3950 80
586 3898 715 3965 porrigine
734 3913 768 3948 33
786 3912 916 3964 prurigine
934 3896 958 3947 P
1025 3899 1057 3963 82
1076 3896 1155 3949 aude·
