2528 4364
548 189 681 243 servan
698 190 730 243 1v
1142 195 1182 254 35

103 371 151 423 est
171 380 276 464 prope
288 370 318 422 te
339 361 460 440 ignotus
482 361 582 423 cubito
606 363 657 441 qui
679 374 780 442 tangat
803 374 831 424 et
853 383 920 425 acre

103 446 245 527 despuat:
266 439 310 506 ‘hi
333 465 441 522 mores,
465 465 633 544 penemque
656 466 823 526 arcanaque
845 449 938 511 lumbi
1149 463 1178 514 35

102 540 283 592 runcantem
305 532 417 612 populo
439 532 599 593 marcentis
621 534 751 612 pandere
773 533 879 595 vulvas.

100 626 178 678 tunc
201 634 267 676 cum
291 617 415 679 maxillis
438 617 606 679 balanatum
629 637 758 698 gausape
780 629 889 697 pectas,

44 705 46 708 ’
101 701 278 798 inguinibus
300 720 393 781 qnare
416 701 558 763 detonsus
580 704 717 781 gurgulio
742 701 842 763 extat‘l

103 788 239 866 quinque
260 787 447 867 palaestritae
470 787 539 848 licet
561 787 633 848 haec
656 788 800 866 plantaria
822 788 933 849 vellant

102 871 254 950 elixasque
278 880 362 933 nates
383 872 562 933 labefactent
584 874 698 952 forcipe
721 874 844 947 adunca

101 976 166 1017 non
190 965 287 1017 tamen
311 957 366 1018 ista
387 957 457 1017 felix
480 957 540 1018 ullo
563 959 743 1019 mansuescit
764 949 890 1020 aratro’.

146 1041 326 1104 caedimus
318 1061 411 1120 mque
433 1042 526 1103 vicem
548 1042 728 1122 praebemus
750 1062 835 1104 crura
858 1043 982 1125 sagittis.

99 1125 209 1188 vivitur
230 1127 289 1188 boc
311 1139 408 1206 pacto,
432 1127 475 1188 sic
498 1128 643 1189 novimus.
688 1129 736 1188 ilia
759 1127 861 1190 subter

101 1230 224 1273 caecum
247 1212 355 1274 vulnus
376 1212 476 1310 babes,
499 1213 549 1274 sed
573 1214 631 1274 lato
654 1212 769 1274 balteus
791 1232 863 1275 auro

98 1297 256 1377 praetegit.
300 1307 334 1358 ut
355 1298 456 1393 mavis,
479 1296 513 1357 da
538 1298 624 1358 verba
648 1307 678 1358 et
700 1299 803 1377 decipe
827 1318 944 1372 nervos,
1147 1310 1176 1359 45

99 1383 125 1444 si
148 1391 241 1461 potes
282 1375 451 1483 ‘egregium
474 1401 541 1443 cum
564 1401 611 1444 me
633 1384 737 1444 vicinia
761 1384 847 1456 dicat,

100 1485 164 1528 uon
188 1458 340 1528 credam‘l'
366 1467 427 1528 viso
450 1467 474 1528 si
497 1468 597 1547 palles,
620 1469 757 1548 inprobe,
781 1487 913 1541 nummo,

99 1553 126 1614 si
148 1552 250 1613 facis
243 1571 274 1612 m
297 1570 407 1632 penem
429 1552 572 1631 quidquid
595 1552 649 1614 tibi
671 1554 761 1626 venit,
784 1572 914 1615 amarum

99 1637 126 1698 si
148 1637 249 1716 puteal
270 1637 362 1699 multa
386 1647 490 1699 cautus
512 1638 605 1698 vibice
628 1638 766 1716 flagellas,

187 1810 225 1868 35
243 1809 391 1866 notandum
405 1809 576 1883 singulariter
590 1808 683 1866 lumbi.
771 1811 809 1867 36
825 1810 932 1866 runcari
948 1809 1056 1882 proprie
1071 1818 1175 1882 segetes

96 1893 140 1951 vel
155 1893 254 1951 barbae
270 1894 405 1960 dicuntur,
425 1911 485 1951 eum
501 1896 677 1969 extirpantur.
714 1895 804 1951 vulvas
820 1912 882 1950 vero
898 1911 949 1968 pro
965 1893 1070 1950 natibus
1085 1895 1177 1967 posuit

95 1978 185 2036 multo
201 1980 335 2044 audacius,
352 1997 414 2036 nam
428 1979 585 2036 feminarum
595 1980 653 2036 loca
666 1981 760 2038 vulvae
769 1989 842 2037 sunt.
909 1982 946 2038 37
960 1979 1012 2035 hoc
1023 1979 1099 2036 dicit:
1114 1996 1174 2034 cnm

94 2064 208 2121 barbam
219 2066 320 2123 nutrias
329 2076 355 2122 et
365 2073 506 2139 unguento
518 2066 648 2122 madidam
659 2076 759 2140 pectas,
772 2083 855 2140 quare
865 2065 974 2138 inguina
986 2073 1031 2121 tua
1042 2064 1174 2139 psilothro

96 2147 239 2207 denudas?
316 2167 377 2207 cum
399 2168 467 2225 pexa
488 2150 570 2207 barba
594 2150 742 2216 delecteris,
766 2168 845 2225 quam
867 2151 895 2206 in
914 2150 1025 2207 maxillis
1040 2151 1176 2207 tuisvelut

96 2251 215 2310 gausape
237 2235 334 2292 babeas
355 2245 549 2309 unguentatam
573 2246 601 2293 et
622 2236 775 2294 defricatam
796 2236 902 2301 balano,
926 2254 975 2293 cur
996 2236 1096 2310 pubem
1116 2235 1179 2292 vul-

95 2338 153 2377 sam
173 2317 279 2377 babes?
406 2323 444 2380 38
468 2321 658 2395 gurgulionem
681 2339 754 2380 nune
774 2339 870 2396 penem
893 2321 964 2384 dicit,
987 2338 1046 2377 cum
1070 2321 1179 2395 proprie

94 2406 124 2461 in
147 2414 258 2480 gutture
280 2406 314 2462 sit
335 2406 472 2480 gurgulio.
516 2408 578 2463 binc
599 2408 695 2464 iterum
719 2407 904 2465 translationes
927 2415 991 2462 sunt
1011 2405 1107 2462 fortes.

183 2493 222 2549 42
245 2490 371 2564 allegoria
392 2509 406 2547 a
428 2492 585 2564 sagittariis,
617 2492 662 2566 qui
690 2492 775 2549 aliena
803 2508 882 2549 crura
904 2491 1006 2563 sagittis
1027 2490 1129 2546 feriunt
1150 2498 1177 2545 et

93 2593 143 2633 sua
166 2574 285 2633 ferienda
307 2576 364 2632 aliis
386 2577 526 2651 praebent.
592 2580 633 2634 44
655 2594 763 2634 caecum
786 2576 884 2633 vulnus
906 2575 998 2631 habes.
1043 2573 1177 2647 agladia·

93 2659 200 2719 toribus
228 2669 352 2727 tractum,
376 2663 423 2736 qui
449 2671 560 2736 accepto
589 2662 701 2719 vulnere
722 2663 845 2718 inaurato
867 2659 937 2717 idem
959 2659 1047 2716 balteo
1070 2669 1175 2733 tegunt.

93 2746 254 2820 allegoricos
288 2764 446 2821 expressum
478 2747 645 2804 intellectum
677 2748 710 2804 de
742 2744 943 2821 gladiatoribus.
977 2762 1038 2802 nam
1067 2754 1094 2802 et
1126 2763 1175 2802 nos

94 2831 190 2888 habitu
218 2842 246 2889 et
274 2832 401 2906 dignitate
428 2833 543 2907 tegimus
566 2832 633 2889 mala
656 2843 758 2896 nostra,
784 2849 845 2889 cum
866 2833 916 2906 ipsi
939 2831 976 2888 eis
998 2840 1175 2888 assentamur.

180 2919 220 2977 49
241 2916 341 2974 vibices
363 2918 428 2974 dixit
449 2918 585 2975 cicatrices
608 2917 775 2991 allegoricos,
798 2918 871 2991 quod
893 2917 1074 2974 faeneratores
1097 2915 1175 2974 debi-

92 2999 199 3059 toribus
228 3003 284 3059 suis
314 3020 409 3059 usuras
430 3004 590 3059 innovantes
612 3012 745 3077 tamquam
767 3004 908 3060 vulnerum
931 3004 957 3059 in
981 3003 1017 3058 eis
1039 3001 1175 3058 cicatrices

91 3086 221 3161 aperiant.
272 3087 390 3162 flagellas
425 3089 489 3145 dixit
520 3087 624 3161 flagitas
659 3089 693 3145 ad
726 3089 884 3162 exigendum
912 3104 959 3144 eos
993 3102 1172 3142 commovens.

91 3170 274 3230 faeneratores
297 3174 329 3230 ad
352 3173 445 3247 puteal
467 3173 598 3230 Scribonii
621 3172 738 3238 Libonis,
769 3174 843 3248 quod
866 3173 957 3229 estin
979 3171 1084 3244 porticu
1107 3168 1174 3225 lolia

91 3258 125 3313 ad
147 3256 293 3315 Fabianum
315 3275 416 3330 arcum,
444 3259 592 3315 consistere
614 3258 747 3316 solebant.
854 3257 938 3314 multa
966 3255 1061 3311 vibice.
1083 3254 1109 3309 id
1133 3262 1174 3309 est

90 3340 178 3398 multa
200 3350 227 3399 et
247 3345 320 3416 gravi
342 3361 434 3409 usura,
465 3344 596 3418 siquidem
617 3352 649 3401 ut
669 3343 777 3409 vibices,
804 3344 856 3399 boc
879 3351 919 3398 est
940 3339 1080 3414 plagarum
1102 3337 1172 3394 cica-

92 3425 184 3492 trices,
216 3426 318 3486 faciunt
344 3429 467 3486 homines
496 3430 646 3495 recordari,
680 3430 715 3486 ita
745 3445 842 3486 usurae
873 3427 997 3483 damnum
1020 3423 1173 3497 patrimonii

178 3609 212 3660 34
230 3609 313 3674 tangit
326 3617 350 3660 α
368 3617 393 3678 tq
406 3624 454 3660 con
474 3615 536 3660 onte
550 3615 639 3676 tangat
649 3625 731 3674 rupea·
743 3608 882 3673 addiditp
953 3608 985 3658 35
1003 3605 1039 3669 bi]
1052 3622 1068 3657 o
1080 3621 1130 3672 cap
1132 3623 1172 3657 er·-

88 3692 177 3741 aor.p
284 3679 315 3729 37
334 3677 374 3730 Tu
393 3681 488 3742 cumg
591 3683 680 3744 pectes
698 3678 854 3728 Ρνιεοίαπιιι
871 3693 915 3740 p.
910 3673 961 3726 333
1082 3622 1130 3726 39?
1126 3689 1172 3739 pa-

88 3743 168 3798 lestra
187 3753 212 3797 ot
298 3745 450 3811 plantaria
536 3749 569 3799 40
588 3745 733 3812 Fluxaeque
763 3745 848 3796 Puel
866 3743 979 3809 Elixasq.
1003 3758 1134 3810 suprascr.
1149 3757 1169 3806 p

174 3811 265 3865 forfice
284 3820 308 3863 α
385 3817 417 3866 41
437 3813 492 3865 filix
511 3821 557 3880 etp
639 3816 672 3866 42
691 3812 879 3880 preplemuaB
960 3813 994 3863 44
1011 3826 1024 3862 s
1041 3815 1070 3861 io
1088 3810 1169 3861 hebes

89 3897 160 3935 corr.
179 3881 295 3942 fortasse
312 3898 348 3933 ec
366 3883 418 3933 tP
483 3882 538 3933 lato
556 3881 668 3934 altareus
691 3889 714 3932 α
800 3882 834 3933 46
858 3885 947 3948 potest
965 3886 988 3929 α
1059 3878 1126 3931 dicta
1146 3885 1169 3928 α

175 3953 210 4004 48
228 3963 342 4002 amorum
362 3951 418 4002 fab.
437 3951 645 4002 saresberiensis
713 3948 889 4003 49u1u1ceP

927 4031 965 4083 Q*
