2528 4364
137 225 177 284 98
587 226 762 279 lVVENALlS

136 409 169 459 ut
191 400 288 477 cessit,
311 399 388 459 facili
411 407 574 477 patuerunt
595 399 717 460 cardine
739 399 850 474 valvae;
923 473 927 482 Ι

136 484 246 544 exclusi
269 493 405 563 spectant
426 482 551 544 admissa
575 483 700 545 obsonia
722 494 831 564 patres.

135 570 194 629 itur
216 568 253 629 ad
274 568 408 630 Atriden.
454 575 515 628 tum
539 568 646 630 Picens
666 562 794 649 ‘accipe'
820 568 893 629 dixit

131 647 266 734 ‘privatis
288 654 397 715 maiora
420 653 505 713 locis.
550 654 674 732 genialis
695 665 800 732 agatur

133 739 189 800 iste
211 740 281 812 dies,
304 757 433 818 propera
456 739 641 799 stomachum
664 739 761 800 laxare
782 739 885 818 sagina

134 833 163 886 et
184 833 234 884 tua
256 831 402 885 servatum
425 841 570 884 consume
592 824 622 883 in
647 824 761 885 saecula
784 823 953 886 rhombum.

132 911 195 989 ipse
219 909 283 988 capi
306 903 415 969 voluit?
463 909 532 986 quid
557 908 711 988 apertius?
734 918 765 970 et
785 918 884 970 tamen
907 910 948 970 illi

133 996 296 1074 surgebant
318 994 424 1055 cristae
432 1013 440 1068 ;
464 994 537 1054 nihil
560 1004 605 1055 est
628 995 707 1073 quod
730 995 853 1055 credere
875 995 910 1055 de
933 1014 965 1055 se
1179 1009 1208 1058 70

133 1100 194 1141 non
218 1080 312 1160 possit
333 1098 401 1140 cum
424 1078 561 1140 laudatur
583 1079 628 1142 dis
650 1098 743 1158 aequa
765 1088 905 1158 potestas.

131 1166 183 1227 sed
206 1165 289 1226 derat
310 1165 384 1244 pisci
407 1165 524 1244 patinae
548 1183 696 1226 mensura.
740 1174 886 1225 vocantur

132 1268 204 1328 ergo
228 1251 258 1310 in
281 1250 437 1312 consilium
460 1268 610 1328 proceres,
634 1269 709 1329 quos
733 1251 836 1310 oderat
858 1249 915 1320 ille,

132 1335 163 1395 in
188 1352 315 1413 qnorum
337 1334 413 1395 facie
435 1335 559 1395 miserae
583 1353 766 1413 magnaeque
788 1333 910 1396 sedebat

132 1420 228 1498 pallor
249 1419 402 1480 amicitiae.
469 1418 561 1479 rimus
584 1419 730 1480 clamante
753 1419 887 1481 Liburno

128 1499 265 1579 ‘currite
288 1504 344 1564 iam
367 1503 444 1564 sedit
482 1512 564 1582 rapta
587 1504 768 1583 properabat
790 1505 885 1565 abolla

131 1590 269 1669 Pegasus,
291 1589 434 1650 attonitae
456 1589 570 1668 positus
593 1591 681 1650 modo
704 1589 807 1651 vilicus
829 1590 905 1650 urbi.

131 1694 209 1735 anne
232 1675 310 1735 alind
332 1685 395 1734 tum
420 1671 582 1753 praelecti?
609 1693 738 1752 quorum
761 1676 890 1754 optimus
911 1683 999 1752 atque

130 1761 278 1838 interpres
300 1761 399 1838 legum
422 1758 626 1820 sanctissimus
649 1760 747 1820 omnia
771 1779 950 1839 quamquam

131 1844 314 1924 temporibus
336 1844 408 1905 diris
429 1844 581 1904 tractanda
603 1845 726 1923 putabat
748 1845 854 1905 inermi
1177 1856 1208 1906 8⁰

130 1931 249 1992 iustitia.
295 1930 426 1990 renitet
449 1927 543 2007 Crispi
566 1930 692 1990 iucunda
715 1939 864 2004 senectus,

129 2069 160 2107 ex
190 2051 264 2107 libris
290 2049 424 2124 Sibyllinis
455 2049 519 2105 iussi
548 2051 687 2124 pontifices
717 2068 749 2107 ex
777 2051 825 2107 SC.
850 2049 933 2108 Albae
961 2065 1034 2106 sacra
1064 2067 1205 2108 renovare.

130 2145 201 2192 tanta
224 2135 293 2192 enim
316 2144 442 2208 repente,
473 2151 534 2191 cum
557 2152 586 2191 ea
609 2135 709 2192 vellent
732 2137 890 2201 transferre,
914 2135 1016 2208 grando
1039 2134 1151 2206 cecidit,
1176 2145 1206 2192 ut

128 2219 314 2293 intellegerent
341 2220 396 2276 suis
423 2219 491 2276 locis
520 2236 592 2276 sacra
616 2238 670 2276 non
693 2239 751 2278 esse
772 2221 912 2278 movenda.
935 2220 997 2276 inde
1017 2219 1053 2275 ibi
1076 2236 1205 2292 perseve-

127 2315 198 2362 rant.
221 2305 280 2362 ideo
303 2314 330 2363 et
345 2305 449 2362 Vestam
473 2304 602 2362 minorem
624 2305 690 2362 dixit
710 2307 743 2362 ad
766 2305 998 2380 compositionem.
1086 2307 1124 2362 65
1145 2306 1206 2379 pis·

127 2399 202 2448 cator
224 2392 257 2447 de
280 2391 414 2465 provincia
438 2389 481 2446 ubi
503 2391 582 2465 piscis
604 2389 693 2447 luerat
714 2400 818 2466 captus.
948 2393 986 2449 67
1010 2389 1138 2462 saginam.
1161 2390 1205 2447 alii

126 2476 238 2550 sagittis,
266 2485 296 2534 ut
318 2476 353 2533 sit
374 2493 470 2533 sensus
492 2476 577 2533 acutis
600 2476 671 2533 curis
693 2476 735 2533 vel
758 2476 948 2533 exercitatione
970 2474 1137 2547 sagittarum.
1161 2476 1205 2533 di-

125 2562 241 2635 gestioni
263 2561 350 2636 inquit
372 2571 399 2618 et
420 2560 526 2618 harenis
548 2561 646 2635 quibus
669 2561 767 2619 vectari
781 2561 854 2618 illum
871 2560 969 2618 debere
984 2561 1047 2617 dicit
1061 2559 1096 2617 ob
1112 2559 1203 2616 cibum

123 2645 256 2702 loturum.
278 2646 377 2720 legitur
399 2655 426 2703 et
447 2646 556 2720 saginis,
578 2647 605 2703 id
628 2656 669 2704 est
690 2647 758 2704 escis
778 2646 878 2703 futuris
897 2645 1026 2703 stomachi
1040 2644 1204 2717 indigestum

124 2747 294 2805 praeparare.
383 2733 421 2789 69
445 2730 494 2788 bac
515 2731 595 2788 laude
616 2731 811 2789 intumescebat
831 2731 977 2805 imperator
991 2730 1111 2803 quamvis
1125 2729 1203 2786 lalsa.

212 2819 250 2874 75
266 2815 404 2872 simulatae
426 2817 565 2876 amicitiae.
589 2817 681 2875 Cicero
697 2811 803 2874 ‘nullae
825 2825 889 2874 sunt
910 2815 1071 2872 occultiores
1092 2813 1203 2871 insidiae

124 2917 205 2974 quam
227 2918 296 2974 quae
317 2900 400 2958 latent
421 2902 448 2958 in
471 2901 639 2959 simulatione
661 2897 762 2959 oflicii'.
849 2902 980 2958 clamante
1001 2899 1130 2957 Liburno.
1154 2901 1202 2974 qui

122 2985 329 3043 admissionibus
350 2996 483 3059 praeerat.
590 2990 628 3044 77
653 2988 770 3061 Pegasus
792 2987 863 3044 lilius
885 2985 1038 3050 trierarchi,
1069 3002 1101 3042 ex
1123 2986 1201 3041 cuius

122 3070 246 3129 liburnae
274 3088 412 3146 parasemo
441 3088 540 3128 nomen
568 3072 683 3145 accepit,
714 3072 779 3129 iuris
808 3073 898 3131 studio
921 3071 1033 3146 gloriam
1054 3071 1201 3128 memoriae

122 3158 228 3220 meruit,
252 3167 282 3215 ut
303 3157 372 3213 liber
395 3155 485 3231 vulgo,
507 3173 563 3212 non
586 3157 666 3213 bomo
689 3157 834 3214 diceretur.
856 3159 898 3215 hic
919 3157 1030 3214 iunctus
1053 3155 1126 3212 omni
1148 3156 1201 3212 ho·

122 3259 189 3299 nore
210 3259 272 3299 cum
294 3242 438 3316 provinciis
462 3241 582 3316 plurimis
603 3242 771 3315 praefuisset,
795 3242 869 3299 urbis
891 3260 982 3300 curam
997 3241 1199 3299 administravit.

120 3327 183 3384 binc
204 3337 246 3384 est
260 3327 433 3401 Pegasianum
450 3326 499 3382 SC.
586 3326 679 3384 vilicus
703 3326 772 3383 urbi.
788 3327 924 3400 eleganter
938 3328 989 3384 sub
1004 3328 1111 3385 Nerone
1123 3326 1199 3382 urbis

120 3413 315 3486 praefecturam
337 3412 450 3469 iacuisse
473 3410 545 3468 dicit.
677 3414 715 3470 80
739 3430 900 3487 quamquam
923 3413 1040 3487 optimus
1063 3420 1119 3468 tum
1147 3428 1198 3484 pro

121 3505 243 3570 tempore
265 3497 353 3553 omnia
374 3496 471 3553 iniuste
493 3498 597 3570 agenda
619 3496 752 3554 credebat.
846 3500 882 3557 81
909 3499 1032 3555 Lucanus
1055 3494 1095 3572 [8,
1120 3495 1196 3571 476]

115 3570 274 3655 ‘fractisque
295 3581 441 3638 modestior
462 3576 559 3639 annis'.
647 3582 754 3656 Crispus
776 3584 915 3656 municeps
931 3581 1105 3639 Vercellensis
1128 3582 1199 3638 tiro-

206 3714 238 3764 63
257 3712 289 3764 llt
307 3712 421 3778 cessitp
515 3715 546 3765 67
566 3712 654 3778 sagina
674 3713 819 3764 Buecheler
837 3717 862 3763 et
882 3711 1021 3764 Weidner:
1040 3711 1157 3777 saginam
1176 3714 1201 3763 P

68 3782 69 3785 ’
118 3779 216 3845 saginis
241 3780 319 3846 δρα)
343 3780 445 3847 sagittis
470 3780 490 3831 S
513 3781 617 3847 saginae
641 3781 754 3832 Iahnius
778 3782 812 3842 cll
837 3782 968 3849 Cypriani
991 3782 1091 3846 heptat.
1113 3777 1196 3830 Num.

116 3849 168 3900 355
186 3848 252 3899 laeta
272 3853 376 3900 uentres
394 3848 481 3900 laxare
499 3850 588 3914 sagina
693 3853 723 3901 71
744 3850 845 3915 possint
864 3851 948 3900 Psed
966 3864 980 3899 n
1000 3852 1137 3914 eepanota
1157 3852 1197 3897 eat

203 3931 301 3983 aequa·
321 3918 344 3968 1¹
428 3918 459 3968 ts
479 3917 583 3967 delebat
601 3917 771 3968 Heinrlcltt'us
857 3924 918 3969 tunc
935 3925 966 3968 w
1054 3917 1087 3969 79
1105 3929 1196 3982 quam-

115 3999 167 4049 pne
185 3987 217 4036 P:
238 3985 278 4036 uel
297 3999 484 4053 quamquamp
