2528 4364
558 207 691 263 strunt
707 210 729 262 ll

101 382 138 441 da
160 398 253 459 pecus
275 391 304 442 et
325 380 465 461 gregibus
486 375 599 443 letum’.
637 402 707 462 quo,
729 383 865 463 pessime,
888 391 986 463 pacto,

101 476 146 527 tot
167 466 221 527 tibi
244 485 310 527 cnm
334 467 365 526 in
388 466 512 528 flammis
533 467 666 528 iunicum
690 477 807 529 omenta
828 467 1016 548 liquescant?

102 561 132 613 et
153 560 254 613 tamen
276 553 326 614 bio
349 552 422 613 extis
445 561 474 612 et
496 553 596 632 opimo
618 554 737 614 vincere
759 555 835 615 lerto

101 637 245 698 intendit:
265 629 337 698 ‘iam
360 637 467 698 crescit
488 655 567 717 ager,
589 639 647 699 iam
670 639 776 700 crescit
797 638 880 712 ovile,

101 723 160 782 iam
181 722 306 797 dabitur,
330 723 388 783 iam
410 716 475 782 iam'
501 758 543 768 —
566 723 661 784 donec
684 724 825 803 deceptus
847 732 878 784 et
899 742 1004 804 exspes
1149 736 1178 786 to

102 808 282 887 nequiquam
305 807 398 868 fundo
420 807 548 887 suspiret
570 827 710 870 nummus
732 809 763 869 in
786 809 855 869 imo.

144 893 168 954 si
189 891 244 953 tibi
266 900 396 954 crateras
418 893 533 971 argenti
554 893 718 973 incusaque
740 895 844 974 pingui

101 995 173 1039 auro
196 979 274 1039 dona
295 979 399 1052 feram,
422 978 509 1040 sudes
531 987 561 1039 et
581 989 703 1059 pectore
724 978 806 1041 laevo

101 1064 230 1124 excutiat
251 1072 349 1142 guttas
371 1062 472 1124 laetari
493 1065 717 1144 praetrepidum
739 1083 800 1126 cor.

100 1148 172 1209 binc
192 1148 266 1209 illud
288 1149 388 1223 subiit,
410 1166 483 1210 auro
507 1167 606 1211 sacras
628 1150 708 1229 quod
731 1159 815 1211 ovato
1149 1158 1178 1209 tt

207 1324 246 1379 47
279 1321 381 1378 iuniaes
414 1322 539 1379 dicuntur
569 1330 656 1380 aetate
688 1322 825 1380 viridiores
858 1339 969 1387 vaccae,
1002 1322 1074 1378 inter
1102 1322 1177 1379 vitu-

100 1405 140 1462 las
163 1413 191 1462 et
211 1422 314 1463 vaccas.
337 1406 439 1464 iunices
460 1406 584 1472 feminae,
606 1407 712 1464 iuvenci
733 1407 843 1465 maseuli
857 1408 993 1464 dicuntur.
1071 1416 1177 1464 omenta
1231 1459 1234 1466 .

100 1498 166 1546 sunt
192 1489 362 1546 membranae
391 1507 459 1565 quae
488 1499 547 1547 exta
575 1492 725 1548 continent.
833 1495 872 1552 48
895 1492 995 1549 fertum
1023 1509 1108 1566 genus
1136 1499 1178 1549 est

96 1574 174 1648 panis
197 1573 239 1630 vel
261 1573 315 1640 libi,
340 1576 414 1648 quod
438 1575 486 1631 diis
500 1575 617 1632 infertur
637 1593 652 1632 a
672 1576 844 1650 pontificibus
865 1578 894 1633 in
914 1576 1051 1633 sacrificio.
1075 1577 1176 1653 dictum

98 1668 189 1716 autem
210 1658 310 1717 sertum
332 1676 346 1715 a
367 1659 490 1716 terendo.
534 1660 577 1716 alii
598 1677 643 1717 vas
665 1661 766 1727 dieunt,
789 1662 862 1736 quod
879 1671 1003 1718 ornatum
1019 1661 1097 1718 certis
1112 1679 1177 1737 spe-

99 1743 192 1801 ciebus
214 1744 296 1802 sacris
319 1754 348 1801 et
368 1744 498 1802 relectum
520 1745 569 1802 diis
590 1745 716 1803 infertur.
781 1764 843 1804 oum
857 1745 923 1803 haec
938 1746 1094 1804 clamantem
1109 1747 1175 1803 deus

100 1846 156 1885 non
178 1829 276 1895 audiat,
302 1839 390 1887 tamen
413 1839 566 1904 perseverat
588 1832 615 1886 in
637 1838 701 1887 voto
724 1840 751 1888 et
772 1830 931 1888 effecturum
952 1848 982 1888 se
1002 1839 1080 1904 putat
1101 1832 1176 1904 quod

95 1913 218 1988 improbe
240 1914 316 1989 petit,
340 1915 426 1974 donec
449 1917 521 1972 omni
543 1933 574 1972 re
596 1926 756 1990 consumpta
776 1917 809 1974 ad
831 1916 940 1974 unicum
954 1916 1078 1973 redactus
1093 1932 1176 1972 num-

97 2016 185 2066 mum,
217 2018 297 2074 quem
326 2000 353 2056 in
383 2002 509 2058 exhausta
539 2018 600 2058 arca
628 2002 685 2058 sine
706 2019 790 2059 censu
811 2002 926 2065 invenit,
957 2000 1175 2076 superstitionem

97 2101 172 2140 suam
193 2102 302 2159 gemens
327 2087 504 2144 excrucietur.
570 2104 626 2144 non
648 2096 734 2145 cessat
755 2089 820 2145 deos
842 2086 976 2145 sacrificiis
998 2085 1124 2160 fatigare,
1148 2094 1176 2144 et

96 2171 228 2242 sperando
259 2170 360 2228 divitias
375 2172 494 2230 ‘futuras
523 2189 611 2229 arcam
645 2190 721 2230 suam
754 2173 888 2237 exhaurit,
923 2172 1050 2247 quamdiu
1082 2171 1174 2229 nullus

95 2271 221 2313 nummus
242 2256 270 2312 in
292 2257 376 2314 fundo
400 2274 478 2314 areae
500 2257 627 2332 suspiret.
730 2261 768 2317 50
793 2260 902 2332 decepta
924 2257 1123 2333 exspectatione
1146 2267 1173 2315 et

95 2356 143 2413 spe
165 2341 324 2398 accessionis
347 2360 415 2416 quae
437 2350 508 2408 erat,
540 2342 604 2399 dum
631 2343 747 2416 pecunia
775 2361 861 2418 usqne
890 2343 923 2398 ad
951 2342 1074 2399 ultimum
1102 2359 1173 2399 oon-

93 2434 201 2499 sumpta
221 2443 361 2483 nummum
382 2444 438 2483 non
461 2427 609 2499 deiecerat,
639 2427 757 2501 positum
778 2428 806 2484 in
828 2427 897 2492 imo,
926 2426 953 2482 id
976 2428 1065 2484 estin
1087 2426 1171 2483 fundo

96 2525 189 2575 areae,
213 2511 312 2567 trustra
333 2511 384 2567 iam
408 2512 508 2584 gemitu
531 2519 559 2568 et
580 2513 696 2585 suspirio
718 2521 900 2587 prosequente
922 2511 1028 2584 parium
1048 2528 1171 2568 suorum.

96 2601 143 2648 aut
164 2603 237 2651 certe
258 2595 315 2668 ipse
337 2596 468 2670 suspiret,
493 2595 555 2668 quia
576 2595 641 2652 nibil
663 2596 784 2652 videtin
805 2597 858 2652 imo
881 2595 967 2652 lundo
989 2613 1169 2661 nummorum,

96 2677 224 2752 tropicos,
247 2687 279 2736 ut
300 2678 336 2753 [o.
361 2679 390 2754 5]
409 2670 502 2737 ‘tacita
523 2678 615 2738 libabit
636 2668 739 2737 acerra'
763 2698 813 2756 pro
835 2682 893 2757 ipse
914 2681 1021 2738 tacitus.

182 2766 221 2822 52
257 2765 350 2822 inausa
387 2765 450 2823 dicit
481 2763 596 2830 caelata,
633 2765 706 2822 unde
737 2765 813 2824 incus
846 2765 956 2832 dicitur,
990 2783 1005 2822 a
1036 2767 1170 2824 audendo.

182 2853 220 2909 53
243 2850 303 2908 ideo
326 2850 400 2909 laevo
424 2851 489 2908 dixit
509 2861 635 2924 pectore,
666 2840 742 2927 quia‘
755 2852 783 2909 in
812 2860 890 2927 parte
916 2852 1024 2909 sinistra
1051 2853 1171 2926 pectoris

95 2951 143 2991 cor
164 2934 302 2993 babemus.
347 2946 378 2995 ut
398 2934 529 2995 luvenalis
551 2935 590 3012 [7.
611 2936 681 3010 158]
700 2927 792 3012 ‘culpa
813 2938 934 2996 docentis
957 2937 1061 2995 scilicet
1077 2939 1171 3012 argui-

94 3030 147 3087 tur,
176 3022 249 3096 quod
269 3021 343 3078 laeva
363 3023 391 3080 in
413 3032 489 3097 parte
510 3021 640 3079 mamillae
662 3021 699 3078 nil
720 3019 805 3080 salit'.
915 3026 954 3081 54
977 3023 1068 3080 laetari
1089 3039 1170 3097 prae·

94 3107 237 3179 trepidum.
281 3116 395 3183 propter
416 3109 545 3166 sudorem
566 3124 632 3181 prae
654 3108 751 3182 gaudio
774 3118 866 3166 natum
892 3116 950 3166 toto
973 3124 1090 3182 corpore
1110 3114 1170 3162 tre·

92 3191 205 3265 pidabis.
248 3193 290 3249 vel
320 3194 392 3268 quod
419 3195 452 3250 ad
484 3192 610 3249 laetitiam
643 3192 759 3251 festinet.
869 3197 908 3253 55
939 3200 971 3249 ut
997 3208 1062 3248 auro
1088 3199 1168 3264 putes

92 3277 202 3333 numina
224 3277 359 3342 delectari,
383 3279 456 3353 quod
479 3287 509 3335 tu
532 3277 633 3350 diligis,
664 3277 753 3335 ethis
774 3279 865 3336 vultus
887 3277 1054 3335 deaurandos
1076 3275 1169 3332 exuti-

93 3378 158 3418 mes.
225 3373 313 3428 ovato,
336 3363 391 3421 sive
413 3364 486 3438 quod
505 3379 556 3420 ovo
572 3362 774 3437 perfunduntur
794 3373 907 3429 statuae,
932 3370 965 3417 ut
985 3361 1090 3417 brattea
1110 3377 1168 3418 me·

91 3445 145 3502 lius
166 3445 345 3515 inhaerescat,
370 3449 425 3506 sive
447 3448 520 3523 quod
542 3447 646 3505 brattea
670 3447 728 3504 talis
751 3457 792 3506 est
818 3449 902 3523 qualis
932 3446 975 3503 ovi
1003 3445 1167 3512 membrana,

179 3631 210 3680 47
229 3628 338 3680 flammis
355 3630 387 3680 P:
406 3628 522 3680 flammas
540 3635 565 3680 α
640 3629 673 3681 48
691 3629 725 3679 At
743 3635 768 3679 α
836 3628 904 3680 sesto
923 3634 947 3678 α
1014 3630 1047 3681 49
1066 3642 1123 3680 aser
1142 3635 1166 3679 α

178 3700 208 3750 51
229 3697 309 3749 tundo
327 3712 446 3749 nummus
464 3697 490 3748 in
507 3697 559 3749 imo
578 3701 628 3747 aot
644 3696 800 3764 nequiquam
817 3696 835 3748 f.
853 3712 879 3750 n.
896 3696 924 3748 in
940 3696 957 3748 i.
977 3713 1011 3747 err
1027 3698 1166 3762 suspiran-

91 3769 259 3832 rapotone
277 3765 328 3817 olii
438 3767 469 3818 52
488 3770 613 3817 creterras
632 3771 656 3814 α
675 3771 798 3816 crateram
816 3765 916 3831 argenti
934 3765 1037 3817 sudabit
1054 3769 1166 3830 praetra-

90 3833 178 3902 pidum
197 3850 241 3887 cor
257 3833 325 3895 feeit
341 3837 498 3887 Mucianus
511 3850 542 3900 p.
560 3832 611 3885 219
634 3835 683 3883 ubi
706 3837 840 3884 creterram
858 3834 925 3884 liber
942 3849 1012 3885 onor
1029 3836 1078 3884 aot
1095 3832 1166 3884 altar

176 3904 331 3970 incusasque
349 3905 373 3954 P
387 3902 542 3968 incussaque
559 3917 577 3966 p
713 3903 745 3954 53
768 3901 837 3954 laeto
855 3902 880 3952 P
893 3901 936 3954 uel
953 3902 1013 3955 leuo
1030 3915 1126 3966 margo
1144 3903 1168 3952 P

177 3974 210 4023 54
231 3970 408 4039 praetepidum
433 3976 458 4021 ot
545 3972 577 4023 55
596 3968 666 4022 subit
684 3970 738 4020 αΡ

932 4051 973 4103 Ψ·
