2528 4364
549 207 680 261 sartan
697 208 708 260 l

95 382 171 443 scire
194 390 278 442 tuum
300 381 374 442 nihil
396 391 449 454 est,
476 381 533 443 nisi
555 392 585 444 te
607 382 683 444 scire
705 382 762 442 boc
784 381 856 443 sciat
878 379 975 443 alter?

93 460 136 527 ‘at
159 467 315 546 pulchrum
339 476 384 528 est
404 467 495 546 digito
518 467 677 529 monstrari
700 476 729 528 et
751 466 844 528 dicier
861 459 933 528 “bic
955 465 1040 542 est”;

95 562 146 613 ten
170 553 344 612 cirratorum
368 561 488 613 centum
511 553 618 614 dictata
639 553 729 614 fuisse

94 656 150 717 pro
173 637 265 698 nihilo
288 627 436 716 pendest’
474 656 543 699 ecoe
564 639 643 699 inter
664 637 772 716 pocula
793 645 942 715 quaerunt
1139 647 1168 698 tto

94 722 268 783 Romulidae
289 723 391 795 saturi,
414 723 485 801 quid
507 724 554 784 dia
574 731 711 803 poemata
733 731 864 783 narrent.

94 808 144 867 hic
166 808 270 886 aliquis
292 809 340 869 cui
363 808 475 869 circum
498 827 617 870 umeros
638 807 828 888 hyacinthina
852 808 936 867 laena
958 817 1012 881 est,

92 893 278 953 rancidulum
301 894 438 972 quiddam
461 893 544 954 balba
566 895 603 955 de
626 911 697 954 nare
719 892 837 953 locutus

95 977 252 1058 Phyllidas,
275 979 459 1059 Hypsipyles,
483 987 580 1039 ratum
603 988 633 1040 et
653 977 798 1057 plorabile
820 976 927 1055 siquid,

92 1063 202 1141 eliquat
224 1082 257 1124 ac
279 1072 384 1125 tenero
407 1063 580 1143 subplantat
601 1061 691 1124 verba
712 1063 818 1143 palato.
1138 1069 1167 1120 35

90 1263 223 1349 ποφορὰ
245 1273 299 1331 καὶ
321 1264 407 1349 παρὰ
429 1271 637 1349 προσδοκίαν,
665 1269 727 1343 quia
754 1286 803 1344 per
831 1285 906 1325 suam
929 1267 1024 1324 transit
1046 1266 1073 1323 in
1095 1265 1166 1322 illius

92 1366 186 1429 poetae
209 1372 302 1411 vocem
324 1373 403 1429 quem
427 1355 596 1429 corripiebat,
621 1372 671 1411 nec
693 1362 779 1411 tamen
801 1354 911 1411 recessit
933 1371 949 1410 a
970 1368 1018 1410 sua
1039 1367 1166 1427 persona.

178 1441 215 1497 27
240 1440 306 1496 haec
328 1440 454 1513 periodus
476 1440 547 1514 apud
561 1439 690 1496 Lucilium
705 1439 791 1513 posita
814 1447 869 1495 est:
890 1428 934 1494 ‘ut
955 1455 999 1495 me
1020 1438 1089 1494 scire
1103 1436 1165 1493 volo

92 1524 159 1589 diei,
182 1523 246 1579 mihi
268 1523 378 1580 conseiu
400 1524 423 1579 si
444 1541 518 1588 sum,
541 1541 575 1580 ne
598 1526 722 1580 damnum
743 1519 858 1581 faciam?
945 1525 984 1582 28
1007 1523 1050 1579 hic
1071 1522 1166 1596 requi-

91 1609 160 1664 ritur
182 1608 292 1665 historia
316 1608 507 1672 Demosthenis,
532 1609 577 1683 qui
600 1626 661 1665 cum
684 1610 810 1665 transiret
833 1617 860 1665 et
881 1626 895 1664 a
918 1607 1102 1664 mercennario
1125 1615 1166 1663 ta·

91 1694 229 1750 bernariae
258 1694 340 1768 digito
363 1702 574 1759 monstraretur,
604 1692 691 1750 iertur
712 1693 825 1750 laetatus
852 1710 910 1750 esse
933 1693 1006 1766 quod
1029 1692 1061 1748 ab
1083 1693 1166 1766 igno-

91 1778 188 1834 bilibus
218 1779 343 1835 seiretur.
453 1780 491 1838 29
522 1778 639 1843 cirratis,
671 1778 797 1852 capillatis
832 1779 933 1852 pueris.
986 1777 1073 1833 cirrati
1102 1786 1167 1833 sunt

91 1862 241 1920 scholastici
263 1864 303 1920 vel
326 1863 450 1929 catamiti,
473 1865 535 1920 cirri
557 1865 627 1920 enim
649 1864 776 1920 dicuntur
798 1862 893 1938 capilli,
917 1872 943 1919 et
965 1862 1002 1919 illi
1017 1863 1103 1917 crines
1117 1861 1166 1916 ha·

91 1948 189 2005 bebant
210 1948 236 2004 in
259 1949 390 2005 honorem
413 1950 522 2006 Veneris
545 1966 614 2022 quos
636 1957 738 2005 statuto
762 1958 883 2023 tempore
904 1946 1113 2021 praemetebant.

176 2035 215 2093 32
243 2034 295 2091 hie.
325 2035 391 2092 lacta
420 2035 447 2090 in
477 2035 603 2091 conviviis
631 2042 782 2108 poematum
816 2034 951 2090 mentione
967 2033 1042 2090 dicit
1069 2031 1164 2106 aliquis

89 2118 211 2193 locuples
233 2122 376 2176 amatorios
398 2137 490 2176 versus
511 2120 603 2193 putida
627 2137 700 2184 voce,
724 2129 755 2175 ut
776 2119 897 2175 videatur
915 2119 998 2175 emitti
1013 2135 1061 2191 per
1076 2134 1163 2174 nares.

177 2206 215 2262 34
246 2205 345 2279 Phyllis
372 2205 464 2278 regina
493 2206 624 2261 Thracum
650 2203 711 2261 tuit.
744 2205 809 2261 haec
837 2205 1048 2279 Demophontem
1071 2203 1166 2260 Thesei

89 2288 181 2353 filium,
204 2306 295 2363 regem
311 2290 513 2347 Atheniensium
528 2291 686 2347 redeuutem
708 2291 741 2346 de
762 2290 877 2345 l'roiano
899 2289 1004 2363 proelio
1027 2288 1117 2344 dilexit
1137 2296 1165 2345 et

89 2374 116 2429 in
141 2375 294 2447 coniugium
324 2392 402 2432 suum
430 2377 544 2448 rogavit.
577 2374 620 2431 ille
649 2384 738 2431 autem
767 2375 803 2430 ait
831 2384 892 2430 ante
920 2391 949 2430 se
978 2373 1164 2430 ordinaturum

90 2476 145 2515 rem
168 2476 244 2515 suam
265 2469 293 2516 et
314 2459 351 2515 sic
373 2460 405 2515 ad
428 2460 484 2516 eius
507 2460 612 2533 nuptias
633 2477 814 2516 reversurum.
837 2458 976 2532 profectus
997 2459 1088 2531 itaque
1103 2475 1164 2515 cum

92 2542 217 2607 tardaret,
241 2543 341 2617 Phyllis
363 2544 460 2599 amoris
482 2543 653 2617 impatientia,
678 2544 751 2617 quod
772 2560 802 2599 se
824 2551 941 2616 spretam
963 2541 1097 2605 credebat,
1120 2542 1163 2598 la-

93 2643 163 2700 queo
191 2627 270 2683 vitam
298 2627 383 2684 finivit
410 2636 437 2685 et
469 2643 596 2685 conversa
626 2638 666 2684 est
692 2628 719 2683 in
750 2628 873 2684 arborem
905 2626 1073 2702 amygdalum
1106 2627 1163 2686 sine

90 2710 172 2768 foliis.
193 2722 255 2786 post
277 2729 400 2769 reversus
423 2713 579 2786 Demophon
601 2713 709 2786 cognita
736 2729 766 2769 re
794 2712 930 2786 amplexus
959 2723 1000 2770 est
1026 2722 1160 2777 truncum,

90 2798 138 2870 qui
161 2797 234 2854 velut
256 2798 349 2871 sponsi
370 2798 482 2854 sentiret
503 2800 655 2862 adrentum,
679 2796 742 2854 lolia
765 2798 859 2856 emisit.
882 2799 954 2856 uude
977 2799 1055 2856 etiam
1071 2798 1162 2873 phylla

91 2883 160 2938 dieta
182 2893 247 2939 sunt
268 2883 426 2958 anyllide,
450 2900 511 2939 nam
526 2892 601 2941 antea
617 2884 704 2958 petala
723 2883 888 2941 dicebantur.
949 2884 1093 2958 Hypsipyle
1109 2902 1162 2941 uua

91 2985 122 3024 ex
143 2968 328 3024 Lemniadibus
350 2969 417 3034 luit,
447 2969 535 3026 biberi
560 2969 643 3043 patris
665 2971 753 3044 neptis
776 2969 901 3026 'lhoantis
923 2969 985 3025 lilia.
1018 2978 1162 3042 postquam

90 3070 147 3109 eam
169 3054 245 3110 lactis
267 3053 372 3110 duobus
395 3054 454 3110 filiis
477 3055 548 3129 apud
571 3056 689 3111 bemnon
712 3055 788 3111 lason
812 3054 941 3118 deseruit,
966 3054 1013 3129 qui
1035 3070 1067 3110 eo
1091 3062 1161 3109 tem-

88 3155 156 3213 pore
178 3154 238 3195 oum
262 3140 422 3212 Argonautis
444 3149 561 3206 venerat,
587 3157 637 3196 nec
658 3140 690 3196 ad
713 3157 770 3196 eam
793 3139 871 3196 rediit
892 3156 923 3197 ex
946 3138 1059 3202 colchis,
1084 3154 1161 3193 com·
1244 3190 1246 3195 .

89 3233 166 3296 perto
189 3234 281 3296 postea
302 3223 377 3280 illum
399 3224 432 3280 ad
454 3241 529 3281 suam
549 3225 662 3298 patriam
683 3242 814 3282 remeasse
837 3232 914 3281 etse
935 3222 1092 3296 neglectam,
1115 3223 1159 3279 in·
1229 3249 1232 3257 ·

90 3318 193 3380 gratum
223 3309 278 3365 eius
307 3326 424 3366 amorem
453 3310 497 3366 diu
525 3327 615 3366 secum
643 3309 723 3368 flevit.
761 3311 801 3366 his
830 3309 920 3382 itaque
947 3309 969 3364 si
992 3307 1056 3381 quid
1078 3306 1160 3364 simile

91 3392 252 3450 carminibus
274 3395 329 3450 suis
351 3405 446 3470 poetae
469 3393 648 3459 delleverunt,
678 3396 715 3451 ita
742 3396 799 3453 sine
827 3394 900 3450 vocis
929 3392 1070 3466 asperitate
1091 3410 1160 3467 pro-

90 3478 223 3544 nuntiant,
246 3487 277 3535 ut
297 3480 460 3537 audientium
482 3497 559 3537 aures
581 3480 726 3537 emolliant.
814 3480 852 3537 35
876 3476 1039 3551 supplantat,
1061 3477 1160 3536 immu-

175 3697 206 3746 tt
226 3693 306 3746 Sicire
324 3698 396 3746 tuum
415 3702 439 3745 α
518 3696 550 3747 28
570 3693 609 3745 dd
628 3701 651 3744 α
670 3693 720 3746 Sed
738 3694 834 3744 bouum
853 3695 893 3744 est
910 3695 1064 3745 Melanos
1083 3693 1158 3745 GLK.

89 3761 133 3812 Ill
143 3777 172 3827 p.
189 3763 244 3815 226
262 3767 288 3812 et
303 3763 356 3815 342
425 3765 457 3815 30
476 3762 573 3830 pendes
585 3764 619 3812 P:
639 3762 735 3828 pendas
755 3769 779 3812 α
853 3763 883 3814 31
904 3762 984 3830 satyri
1001 3762 1116 3814 Psatuli
1135 3768 1158 3811 α

174 3831 232 3897 quis
251 3838 275 3881 α
346 3837 431 3882 narret
449 3839 473 3882 dt
548 3832 581 3882 32
599 3830 693 3882 circum
710 3828 783 3890 Pcf.
801 3845 828 3881 u.
848 3832 910 3883 117:
936 3831 1001 3881 circa
1021 3836 1045 3881 ot
1113 3845 1159 3896 ya-

89 3896 183 3949 ciutiua
197 3900 219 3948 P
285 3901 319 3950 34
335 3915 429 3951 uanum
442 3901 465 3950 P
480 3901 506 3961 (n
518 3901 548 3948 ira
558 3901 679 3962 rosor-oh
698 3906 786 3950 uatum
805 3901 884 3949 etiam
896 3901 1051 3949 Petreium
1065 3913 1093 3962 p.
1106 3897 1157 3950 398

89 3969 115 4015 et
131 3967 266 4034 Eutyches
285 3966 358 4019 GLK.
378 3967 403 4018 V
417 3983 445 4033 p.
463 3965 513 4018 480
530 3967 585 4031 (hic
603 3973 690 4018 uatum
708 3968 760 4032 aut)
812 3966 940 4033 prorabile
959 3974 983 4016 ot
1040 3965 1164 4028 siqmslt
