2528 4364
554 210 740 265 PRAEFATIO
1150 216 1196 269 Vll

117 382 204 442 ducta
228 400 291 443 esse
313 390 450 462 apertum
472 383 518 445 sit.
568 385 598 444 id
627 386 706 464 quod
729 386 774 446 vel
803 386 872 448 inde
901 395 1033 464 constat,
1062 389 1141 466 quod
1163 390 1194 450 in

120 492 247 562 utroque
277 482 379 545 codice
409 485 488 546 nulla
524 486 634 547 scholia
672 496 771 548 extant
799 489 834 549 ad
863 488 914 550 Vll
947 491 1130 566 129-158,
1162 491 1194 551 13

119 587 270 647 33313331
298 588 456 668 archetypo
485 607 555 650 casu
584 589 682 668 aliquo
709 590 891 670 intercepta,
919 601 948 653 31
976 592 1003 653 11
1030 594 1071 656 99
1101 592 1196 654 adno-

119 697 211 749 tatum
235 697 280 751 est
301 689 464 752 subnotatio
485 691 571 753 buius
593 704 670 753 retro
692 697 799 773 33111113
820 705 860 756 est
881 694 934 755 ubi
950 694 1059 775 palmo.
1082 694 1195 757 scilicet

119 791 253 852 scholion
283 793 319 853 de
347 791 465 853 Othone
494 793 524 853 in
554 794 656 855 codice
679 794 862 872 Sangallensi
890 804 920 857 31
949 797 979 857 13
1004 796 1030 856 P
1056 816 1117 858 non
1140 815 1194 858 suo

120 893 187 953 loco
210 894 340 972 positum
355 914 380 955 v.
397 897 448 970 90,
471 895 523 957 ubi
545 896 576 957 in
600 898 759 977 archetypo
783 898 959 971 invenerant
979 898 1101 973 librarii,
1125 907 1196 960 nota

121 995 152 1055 in
169 998 329 1076 archetypo
345 997 380 1058 ad
396 998 587 1059 indicandum
605 1017 737 1060 errorem
752 999 885 1079 apposita
901 998 937 1060 ab
960 1009 1088 1078 utroque
1104 1000 1195 1061 libra-

120 1097 165 1158 rio
187 1108 300 1160 servata
322 1108 375 1161 est.
398 1101 578 1162 scholiorum
602 1101 708 1181 igitur,
732 1120 807 1180 quae
831 1119 1008 1180 quamquam
1030 1102 1129 1163 attrita
1151 1110 1195 1162 at-

122 1218 180 1278 que
202 1201 357 1280 depravata
380 1203 458 1263 haud
481 1222 573 1282 pauca
596 1205 779 1283 grammatici
803 1204 910 1265 eruditi
936 1204 1057 1284 vestigia
1079 1214 1197 1266 servant

120 1338 161 1348 —
185 1304 330 1382 originem
354 1325 458 1367 eorum
480 1307 551 1369 satis
573 1308 662 1369 certis
690 1307 874 1385 argumentis
903 1308 938 1368 ad
967 1307 1077 1369 saeculi
1099 1307 1197 1386 quarti

120 1407 211 1465 finem
232 1408 344 1468 referre
366 1408 436 1468 11331
451 1443 492 1453 -
510 1409 660 1487 aliquanto
683 1408 787 1470 melior
809 1409 945 1470 condicio
968 1419 1026 1483 est,
1049 1410 1074 1471 si
1097 1410 1198 1471 critica

121 1507 250 1568 subsidia
272 1517 403 1588 spectes,
433 1528 520 1588 quam
552 1511 644 1589 ipsius
673 1519 786 1590 poetae.
830 1522 988 1591 postquam
1018 1531 1051 1573 ea
1080 1531 1116 1574 ex
1143 1531 1197 1574 suo

122 1609 223 1670 codice
252 1611 357 1672 Petrus
386 1610 526 1672 Pithoeus
547 1631 572 1672 3.
598 1615 695 1683 1585,
722 1613 1197 1675 Α3111.11311.1113313133311111-

120 1711 182 1771 bito
198 1711 301 1773 codice
316 1713 501 1792 Sangallensi
515 1733 540 1774 3.
560 1716 640 1778 1823
657 1714 755 1787 edidit,
770 1715 896 1794 plurima
912 1716 1079 1777 felicissime
1095 1735 1197 1778 emen-

121 1814 198 1874 davit
216 1813 290 1875 Lud.
307 1814 482 1894 Schopenus
504 1817 534 1876 in
558 1816 689 1878 editione
705 1816 915 1877 Heinrichiana
937 1817 974 1877 311
990 1817 1054 1896 ipso
1070 1837 1096 1880 3.
1116 1819 1198 1883 1839

121 1925 229 1990 331313,
253 1917 380 1998 denique
402 1920 568 1981 accuratius
590 1938 712 1981 excusso
737 1919 839 1980 codice
861 1919 1023 1980 Pithoeano
1046 1930 1076 1981 et
1098 1920 1197 1982 denuo
1225 1914 1227 1918 ’

122 2020 257 2080 33333113
280 2023 449 2101 apographo
473 2022 657 2103 Sangallensi
680 2023 743 2102 ipse
765 2041 791 2082 3.
818 2023 896 2087 1851
922 2021 961 2082 113
984 2022 1137 2095 13333331,
1166 2030 1199 2084 31

123 2140 155 2182 33
179 2141 254 2201 quae
276 2123 355 2184 Valla
379 2125 496 2185 tradidit
518 2144 533 2184 3
557 2125 664 2186 3313113
686 2142 885 2204 segregarem.

205 2225 241 2286 ab
272 2243 305 2286 33
335 2227 481 2288 luvenalis
509 2228 700 2299 recensione,
730 2228 815 2288 33133
843 2226 978 2306 locuples
1006 2226 1090 2287 testis
1118 2226 1199 2287 solus

121 2328 207 2389 hodie
223 2327 406 2408 Psuperest,
422 2331 452 2390 in
468 2330 652 2409 gravioribus
669 2330 886 2408 levioribusque
902 2347 956 2408 per
967 2347 1071 2390 omnes
1086 2336 1199 2390 33111133

122 2429 264 2492 diversam
295 2431 435 2492 exhibent
464 2432 580 2494 codices
608 2452 663 2512 per
691 2432 832 2512 plurimas
862 2430 1056 2490 bibliothecas
1083 2430 1199 2508 ingenti

122 2549 247 2591 numero
271 2532 404 2611 dispersi,
427 2542 571 2611 quantum
588 2534 705 2612 quidem
726 2541 852 2606 constat,
875 2531 966 2592 ceteri
990 2549 1103 2592 omnes.
1142 2530 1199 2592 3131

123 2634 203 2711 quod
231 2634 262 2694 in
291 2634 480 2712 quibusdam,
516 2636 594 2696 inter
623 2653 698 2713 quos
727 2634 875 2694 referendi
905 2632 1086 2694 Parisienses
1116 2634 1199 2698 7900

123 2753 198 2796 saec.
222 2733 270 2807 lX,
295 2736 375 2800 8071
399 2754 473 2797 saec.
490 2735 526 2806 X,
550 2736 707 2797 Vaticanus
724 2735 847 2796 Vrbinas
863 2735 935 2807 661,
960 2733 1199 2796 Vindobonensis

125 2839 181 2900 111
207 2855 283 2898 saec.
299 2836 333 2910 X,
358 2838 476 2917 vestigia
499 2838 590 2918 magis
612 2838 746 2899 minusve
762 2836 929 2915 frequentia
945 2835 1054 2896 codicis
1076 2835 1201 2898 alicuius

122 2939 285 3000 Pithoeano
309 2940 410 3002 similis
432 2940 468 3000 ad
484 2941 699 3002 emendandam
714 2940 888 3018 scripturam
906 2937 1028 2999 adhibiti
1043 2948 1211 3018 apparent⁸¹

120 3060 223 3102 verum
250 3043 322 3103 haec
351 3042 500 3120 exempla,
530 3043 611 3103 nullo
635 3043 722 3102 modo
752 3040 914 3111 mirabilia,
942 3057 1008 3099 rara
1037 3047 1108 3100 sunt
1130 3057 1200 3117 prae

123 3161 227 3205 eorum
242 3144 376 3205 codicum
392 3144 590 3216 mullitudine,
614 3144 664 3221 qui
682 3144 803 3204 alteram
817 3141 979 3203 verborum
994 3141 1201 3202 recensionem

123 3246 262 3307 intactam
292 3256 455 3308 servarunt.
507 3248 586 3308 inter
616 3265 690 3324 111133
718 3245 777 3307 duo
807 3245 924 3306 codices
953 3243 1201 3304 bibliothecarum

122 3349 268 3410 llediceae
290 3351 353 3427 (34,
377 3352 431 3426 42)
453 3358 483 3412 31
505 3349 657 3411 Leidensis
678 3348 754 3429 (82),
777 3357 903 3427 uterque
925 3345 1034 3407 saeculi
1056 3343 1106 3419 Xl,
1129 3345 1200 3406 suh·

124 3452 307 3513 notationem
331 3454 405 3513 alter
426 3452 456 3512 in
479 3453 538 3513 fine
562 3453 693 3531 quintae,
716 3462 814 3513 sextae
838 3460 954 3512 saturae
970 3449 1044 3508 alter
1059 3446 1202 3508 exhibent

105 3548 107 3552 ’
207 3552 276 3634 Lepi
291 3572 338 3633 eqo
352 3554 456 3616 Niocuo
469 3552 575 3615 Romae
587 3556 665 3634 opud
676 3553 810 3615 Servium
822 3556 995 3631 magistrum
1006 3551 1199 3612 demandavi.

125 3656 253 3734 quodsi
276 3656 311 3716 de
334 3655 528 3717 celeberrimo
551 3656 753 3736 grammatico,
777 3653 895 3732 Vergilii
918 3652 1082 3731 interprete
1099 3650 1201 3712 Servio

124 3759 253 3838 cogitare
275 3759 352 3833 licet,
376 3759 480 3838 quinto
502 3759 620 3821 saeculo
643 3759 715 3819 haec
735 3764 840 3837 poetae
855 3755 990 3817 recensio
1008 3754 1201 3816 adscribenda

122 3871 179 3935 est,
200 3869 280 3923 certe
302 3862 495 3942 grammatici,
518 3863 568 3940 qui
584 3860 729 3921 luvenalis
744 3860 817 3921 locis
839 3877 894 3939 pro
916 3857 1087 3919 testimonio
1110 3866 1201 3918 utun-

86 4038 96 4067 ·
122 3970 188 4041 tur,
215 3964 392 4047 plerumque
421 3965 499 4027 hanc
521 3964 581 4027 sive
603 3962 779 4024 Nicaeanam
802 3962 862 4024 sive
885 3961 1073 4033 Seruianam,
1103 3977 1201 4034 neque

332 4276 378 4302 ἐμ..
