2528 4364
487 206 638 259 -sarvttlt
654 207 686 260 lll

56 386 214 441 stemmate
236 379 315 458 quod
337 379 435 441 Tusco
457 398 572 441 ramum
594 381 747 443 millesime
769 383 861 457 ducis,

59 483 253 526 censoremve
274 473 359 525 tuum
382 465 427 525 vel
449 465 529 545 qnod
550 467 681 527 trabeate
704 465 834 528 salutas?

59 550 96 611 ad
119 549 265 630 populum
286 550 431 629 phaleras,
454 570 510 630 ego
532 560 563 611 te
584 553 665 612 intus
687 561 717 613 et
738 553 769 613 in
792 562 860 614 cute
883 556 960 616 novi.
1107 568 1136 620 to

59 653 123 696 non
146 636 239 714 pudet
260 635 296 695 ad
318 654 432 696 morem
454 636 589 697 discincti
610 637 707 697 vivere
728 638 839 698 Nattae.

58 720 112 782 sed
135 728 235 799 stupet
255 720 304 781 bic
326 721 395 781 vitio
419 729 448 781 et
469 721 551 783 libris
573 722 698 782 increvit
720 723 850 802 opimum

57 807 182 886 pingue,
205 815 286 867 caret
307 805 405 885 culpa,
428 807 524 867 nescit
546 807 615 885 qnid
637 808 750 886 perdat,
774 819 803 869 et
824 808 883 869 alto

59 891 214 952 demersus
235 908 348 951 summa
371 909 474 952 rursus
496 910 558 952 non
582 892 668 953 bullit
688 893 719 953 in
742 894 831 954 unda.

58 994 167 1055 magne
189 984 274 1055 pater
295 976 401 1049 divum,
424 995 526 1038 saevos
547 978 655 1056 punire
676 986 819 1057 tyrannos

58 1063 131 1122 baut
153 1060 208 1122 alia
229 1061 345 1122 ratione
366 1061 447 1132 velis,
470 1081 539 1123 cum
562 1063 624 1123 dira
647 1063 737 1124 libido

58 1146 187 1207 moverit
206 1146 360 1225 ingenium
383 1148 507 1208 ferventi
528 1148 620 1209 tincta
642 1167 772 1210 veneno:

56 1232 198 1293 virtutem
220 1232 338 1292 videant
359 1232 603 1311 intabescantque
624 1234 735 1295 relicta.

58 1330 145 1378 anne
161 1317 254 1395 magis
276 1317 368 1377 Siculi
390 1329 569 1397 gemuerunt
590 1337 657 1379 aera
679 1319 794 1381 iuvenci

146 1473 186 1531 28
212 1488 247 1528 an
269 1480 379 1545 oportet
399 1480 426 1530 te
448 1475 599 1546 arrogantia
620 1473 740 1530 inllatom
762 1474 884 1548 dissilire,
907 1476 982 1549 qnod
1005 1476 1032 1531 in
1047 1475 1135 1550 aliquo

57 1556 146 1614 nobili
170 1557 259 1614 'lusco
290 1567 430 1614 stemmate
451 1557 607 1614 millesimus
634 1575 649 1614 a
677 1577 774 1630 magno
804 1569 913 1617 anctore
940 1561 1088 1617 numereris
1110 1571 1137 1619 et

56 1659 166 1700 ramum
189 1641 305 1716 aliquem
327 1659 359 1699 ac
380 1642 478 1699 lineam
500 1645 575 1716 quasi
597 1644 774 1700 successionis
796 1661 811 1700 a
833 1645 979 1720 genealogo
1002 1645 1030 1701 in
1051 1654 1136 1703 stem-

57 1736 132 1786 mate
155 1738 266 1785 notatus
289 1725 431 1784 obtineas‘t
466 1729 505 1784 vel
529 1728 605 1802 quod
625 1729 654 1784 in
676 1730 797 1802 equitum
812 1730 993 1786 Romanorum
1008 1732 1137 1802 recogni-

57 1814 132 1870 tione
148 1812 226 1870 donis
240 1812 397 1869 militaribus
411 1813 522 1886 insignis
538 1830 676 1870 censorem
696 1824 773 1871 tuum
787 1811 907 1870 salutes‘l
931 1815 1049 1887 cognitio
1065 1816 1135 1870 enim

56 1899 180 1973 equitnm
190 1898 372 1955 Romanorum
385 1899 542 1955 censoribus
554 1909 612 1956 erat
625 1900 754 1962 subiecta,
771 1916 839 1974 quae
853 1916 928 1956 nunc
942 1899 1086 1957 consulum
1097 1909 1137 1956 est

57 1982 151 2040 cilicii.
238 1984 275 2041 31
295 1983 454 2040 discinctum
477 1984 541 2040 dicit
562 1985 742 2084 negligentem
755 1998 781 2042 et
797 1984 941 2059 perditum,
965 1996 996 2042 ut
1011 1984 1135 2041 Horatius

57 2068 154 2144 [epod.
171 2071 184 2125 t
189 2067 267 2142 ,34]
286 2058 446 2126 discinctus
458 2079 503 2126 aut
515 2070 626 2143 perdam
642 2087 755 2145 nepos.
790 2071 832 2128 vel
850 2072 1008 2128 discinctum
1023 2070 1135 2128 obesum

57 2153 263 2213 etventnosum
273 2152 386 2217 luxnrra
410 2157 457 2228 qni
477 2172 546 2229 crngr
558 2173 613 2212 non
625 2158 720 2230 possit„
754 2174 813 2211 nam
829 2156 864 2213 ob
875 2157 1065 2231 pinguedinem
1080 2157 1137 2212 cal-

56 2239 141 2298 luisse
155 2237 229 2296 bunc
243 2239 349 2296 Nattam
360 2239 473 2296 induxit.
503 2242 577 2315 quod
591 2250 681 2316 potest
696 2241 728 2297 ab
745 2242 854 2298 Horatio
870 2243 954 2298 videri
970 2242 1136 2314 translatum,

56 2325 107 2400 qui
116 2326 155 2382 ait
169 2321 235 2422 [sut.
251 2327 277 2397 1,
291 2327 320 2397 6,
336 2314 524 2399 1231‘ungor
539 2326 608 2383 olivo
621 2343 675 2400 quo
685 2344 742 2383 non
754 2327 881 2383 fraudatis
895 2327 1049 2383 immundus
1060 2328 1137 2382 Natta

58 2396 208 2468 lucernis'.
288 2411 360 2484 apud
382 2419 527 2484 utrumque
550 2411 626 2467 Natta
648 2428 746 2468 nomen
769 2412 861 2468 fictum
884 2421 935 2467 est.
979 2411 1021 2466 alii
1044 2412 1137 2466 dicunt

59 2495 168 2553 Nattam
191 2493 273 2552 inisse
296 2495 430 2568 quendam
451 2497 634 2560 luxuriosum,
666 2497 712 2569 qni
734 2495 921 2569 patrimonium
944 2511 1024 2550 snum
1045 2495 1138 2567 perdi-

58 2581 132 2639 derit
151 2589 180 2638 ct
208 2579 376 2636 nobilitatem
403 2579 471 2637 male
498 2581 610 2637 vivendo
640 2581 830 2653 exturpaverit.
938 2582 976 2637 33
1000 2579 1136 2652 pinguedo

58 2666 132 2725 enim
153 2682 210 2722 non
232 2674 275 2722 est
294 2665 415 2725 latinum.
502 2667 542 2723 34
564 2666 643 2722 sicuti
665 2681 733 2738 quos
749 2681 848 2738 vorago
870 2680 984 2721 caenosa
998 2663 1135 2729 absorbet,

57 2769 116 2808 non
137 2752 265 2809 remissos
287 2751 314 2806 in
337 2750 420 2807 altum
441 2750 573 2808 undarum
596 2749 676 2806 facies
699 2749 801 2815 ebullit,
824 2750 859 2805 ita
876 2749 927 2807 hos
943 2767 1053 2824 quoque
1067 2767 1138 2825 qnos

59 2837 219 2932 magnitudo
249 2821 389 2893 criminum
417 2836 522 2900 mersit,
555 2852 665 2892 necesse
693 2845 736 2892 est
762 2835 888 2892 vitiorum
915 2834 987 2893 mole
1014 2846 1138 2909 gravatos

60 2920 168 2980 nescire
190 2923 327 2996 quomodo
350 2923 475 2979 virtutem
495 2931 643 2995 agnoscant
663 2920 706 2977 vel
720 2938 773 2994 qua
788 2929 846 2977 arte
860 2921 1006 2977 sceleribus
1021 2931 1138 2977 careant.

149 3008 189 3065 37
214 3023 288 3063 nunc
309 3007 389 3062 animi
411 3023 544 3063 venenum
566 3008 612 3063 ait.
647 3007 708 3063 ideo
722 3005 843 3063 ferventi.
866 3006 1023 3079 metaphora
1038 3024 1052 3061 a
1067 3006 1136 3067 lana,

61 3108 135 3167 qnae
155 3100 284 3166 corrupta
308 3092 340 3147 ad
362 3092 506 3164 pristinum
527 3091 644 3148 colorem
666 3092 764 3148 reverti
785 3108 840 3146 non
862 3100 962 3164 potest.
1042 3092 1080 3148 39
1104 3105 1137 3143 an

60 3179 162 3235 maiora
183 3185 319 3235 tormenta
341 3177 411 3250 passi
434 3185 499 3232 sunt
519 3177 536 3233 ii
559 3193 628 3251 quos
650 3176 768 3232 Phalaris
783 3177 1019 3249 Agrigentinorum
1043 3183 1137 3247 tyran-

58 3279 111 3320 nus
141 3272 221 3320 tauro
243 3279 327 3318 aeneo
351 3261 495 3335 torquebat
516 3262 644 3326 inclusos,
668 3269 715 3317 aut
737 3263 843 3334 gravior
864 3258 1016 3315 sollicitudo
1037 3258 1136 3313 llemo-

60 3357 154 3405 craton
175 3346 367 3424 philosophum
389 3347 479 3409 torsit,
503 3364 582 3420 qoem
597 3346 738 3420 Dionysius
760 3355 889 3419 tyrannus
913 3360 978 3416 opes
1000 3351 1027 3399 et
1049 3341 1137 3398 felici-

59 3443 143 3491 tatem
163 3434 306 3489 mirantem
323 3431 443 3489 invitavit
456 3432 488 3487 ad
503 3448 596 3488 cenam
611 3432 789 3505 oppositoque
804 3439 932 3503 apparatu
947 3427 1020 3482 omni
1034 3428 1137 3501 magnis

59 3517 148 3594 epulis
170 3519 224 3575 lrui
247 3517 340 3581 iussit,
371 3517 418 3572 sed
447 3517 482 3572 ita
512 3528 542 3573 ut
563 3516 668 3590 gladius
689 3515 786 3589 ligatus
812 3519 883 3569 saeta
912 3529 944 3567 ex
969 3512 1138 3586 laquearibus

59 3621 144 3680 supra
167 3606 285 3661 cervices
308 3603 365 3658 eius
387 3601 532 3675 penderet,
563 3617 643 3674 quam
667 3607 829 3672 torquentur
851 3597 1004 3654 huiusmodi
1032 3600 1137 3672 cogita-

145 3768 210 3822 28'
202 3783 244 3820 rus
269 3781 400 3819 commum
427 3765 471 3816 ille
495 3764 558 3815 sime
581 3765 646 3829 Ppr
733 3764 765 3814 te
788 3760 959 3814 Censoremue
983 3763 1006 3812 P
1027 3762 1138 3814 Seruius

59 3835 430 3892 Acn.111382Priseiannr
455 3849 481 3898 p
499 3831 551 3884 208
572 3834 599 3880 et
620 3830 686 3882 211:
715 3829 951 3897 Censoremqnea
953 3869 959 3882 .
927 3830 1045 3882 auct
1067 3831 1139 3895 quod

60 3921 155 3958 causor
173 3907 225 3956 titi
242 3908 374 3968 cognatus
391 3906 430 3952 est
447 3901 492 3951 uel
508 3900 608 3964 quod'
597 3914 653 3963 apoc
675 3914 702 3948 aa
724 3897 849 3964 aquarii.
936 3902 966 3951 31
987 3898 1094 3950 districti
1113 3903 1137 3948 α

147 3976 182 4026 34
199 3974 337 4036 rursum&
407 3973 438 4023 37
457 3967 573 4018 licuerat
592 3974 615 4017 α
